3244 5236
725 227 961 295 nrruouaczisr
979 233 1147 294 ausurus.

828 537 902 596 395.
919 532 987 618 (cc.
1007 532 1055 618 b.)

375 700 405 764 A
423 701 535 786 bolpctr
551 695 693 762 caecat·
709 697 816 760 kiiuete
831 697 1002 762 Sicilidhdl
1029 695 1246 759 visszairirvc'a
1274 697 1458 781 lrazdjo'bo;
1478 699 1507 761 Ι.
1607 747 1609 784 3

377 808 501 895 Kaeiroly
517 806 646 871 sicilici
660 805 776 892 kirtly
786 805 883 868 accat
895 805 946 868 ke‘t
956 805 1075 870 kdvetet
1085 803 1166 870 kutd
1182 803 1400 890 Brdpdria‘ba.
1415 807 1505 872 1278.

485 967 569 1032 Pro
601 965 796 1050 Nuucijs
835 965 1052 1032 euntibus
1092 964 1143 1030 ad
1181 962 1504 1048 Imperatorem

374 1077 685 1160 Bulgarcrum.

355 1246 359 1257 ,
483 1183 597 1268 (Anno
607 1180 740 1248 Domini
751 1178 1074 1266 utcouxxvlss.)
1084 1179 1263 1248 XXVHI.
1272 1179 1366 1264 Junij
1377 1179 1505 1246 ibidem.
1606 1219 1609 1226 .

375 1289 543 1376 Scriptum
559 1296 610 1357 est
625 1290 650 1354 J
652 1289 817 1354 ustitiario
833 1287 936 1354 Terre
954 1288 1044 1374 Barj.

483 1399 632 1463 Karolus
650 1403 709 1462 etc.
736 1394 820 1461 oum
849 1395 1020 1462 Giracium
1044 1397 1085 1464 de
1100 1393 1258 1464 Nicotera
1274 1405 1308 1463 et
1321 1397 1346 1462 J
1347 1399 1505 1464 ohannem

376 1509 499 1574 dictum
517 1507 687 1591 Yspanum
704 1503 839 1571 dilectos
867 1505 986 1570 milites
1022 1512 1055 1571 et
1080 1505 1191 1572 fideles
1208 1513 1337 1572 nostros
1352 1528 1419 1571 una
1434 1527 1504 1572 cum

375 1615 503 1699 nuncijs
534 1613 704 1699 Magnifici
734 1611 899 1696 Principis
929 1612 1142 1698 Imperatoris
1174 1612 1411 1698 Bulgariorum
1446 1636 1504 1698 pro

376 1723 571 1807 quibusdam
588 1722 707 1786 nostris
723 1719 865 1804 negotijs
881 1721 924 1788 ad
949 1721 1051 1805 ipsius
1076 1720 1291 1805 Imperatoris
1308 1723 1503 1805 presentiam
1607 1725 1608 1728 ’

375 1832 591 1897 destinemus:
608 1829 754 1896 volumus
782 1834 816 1892 et
831 1827 984 1893 fidelitati
1010 1835 1065 1894 tue
1081 1830 1291 1912 precipiendo
1306 1832 1504 1913 mandamus,

375 1945 536 2023 quatenus
554 1938 667 2002 statim
696 1937 838 2021 recept-is
868 1936 1073 2019 presentibus
1090 1937 1133 2002 ad
1147 1937 1392 2020 requisitionem
1408 1939 1506 2022 ipsius

374 2045 499 2131 Giracij
516 2053 549 2111 et
564 2044 590 2110 J
591 2045 729 2111 ohannis
745 2044 832 2108 omui
848 2044 1027 2125 occasione,
1043 2043 1238 2108 difficultate
1254 2051 1288 2109 et
1297 2049 1501 2112 excusatione

375 2155 521 2238 remotis,
537 2174 593 2218 ras
609 2173 710 2216 unum
726 2150 889 2216 sufficiens
905 2157 938 2215 et
963 2157 1151 2234 competens
1176 2151 1209 2216 in
1226 2159 1371 2234 quotam
1388 2153 1502 2240 Nuucij
1604 2133 1608 2144 ⁵

374 2263 487 2346 nostri,
503 2283 602 2346 quam
618 2261 834 2344 Imperatoris
851 2259 999 2342 predicti,
1030 2281 1103 2324 eum
1129 2257 1286 2326 ΧΧΙΙΠ
1309 2263 1505 2345 equitaturis

376 2395 474 2458 usque
490 2373 653 2440 Jadaram
685 2371 739 2436 uel
770 2369 952 2454 Ragusiam
984 2369 1116 2436 comode
1146 2369 1336 2436 transfetari
1365 2372 1505 2452 ualeant,

376 2481 558 2545 conducere
575 2481 708 2544 studeas
726 2479 793 2544 sine
825 2499 925 2560 mora,
943 2499 983 2544 ac
1007 2478 1181 2562 prouideas
1197 2478 1244 2543 eis
1260 2478 1300 2543 de
1315 2481 1506 2566 necessarijs

376 2589 474 2653 victui
490 2589 533 2653 ad
557 2588 732 2652 transitum
756 2586 862 2669 ipsum
887 2607 989 2669 usque
1014 2587 1182 2671 Ragusam
1206 2586 1261 2650 uel
1284 2585 1424 2653 Jadram
1447 2609 1505 2672 pro

375 2698 524 2782 personis
541 2703 574 2762 et
590 2697 680 2780 equis
712 2717 823 2760 eorum
854 2695 895 2760 de
926 2697 1064 2779 pecunia
1095 2694 1211 2759 militie
1229 2715 1267 2758 ac
1284 2694 1505 2764 subuentionis

378 2807 471 2872 vuius
482 2805 568 2887 anni,
579 2804 631 2869 uel
648 2805 688 2869 de
704 2824 898 2886 quacunque
915 2805 1055 2886 pecunia
1070 2804 1146 2886 alia,
1155 2824 1217 2886 que
1234 2809 1284 2868 est
1298 2805 1351 2870 uel
1368 2806 1431 2870 erit
1446 2826 1504 2888 per

376 2936 437 2979 nus
452 2921 536 2996 tuaS,
552 2912 707 2978 mandato
732 2911 844 2994 aliquo
862 2912 937 2976 huic
961 2912 1129 2978 contrario
1154 2919 1214 2976 etc.
1239 2918 1430 2995 recepturus
1446 2921 1505 2979 etc.

375 3029 493 3088 cautus
509 3029 569 3088 etc.

484 3185 519 3248 (A
534 3186 619 3250 »ΙίεὲΙ
635 3183 786 3252 Angioiui«
803 3183 836 3238 Α.
852 3186 893 3238 29.
908 3203 945 3239 ez.
958 3183 1027 3254 Eeg.
1041 3181 1139 3240 Karoli
1152 3183 1173 3239 Ῑ.
1188 3187 1246 3239 koa
1260 3185 1302 3240 97,
1312 3183 1365 3241 lev.
1378 3209 1385 3254 ς
1398 3204 1424 3241 u.
1434 3185 1471 3253 o.)

860 3402 1019 3418 [usk—*ussi

829 3639 902 3708 asc.
926 3641 994 3725 (ra
1011 3633 1055 3728 b.)
1075 3687 1076 3690 κ

374 3821 403 3890 I.
420 3821 547 3912 Koiroiy
562 3823 686 3890 sicilici
703 3821 1506 3917 kirtlykooaekerkuldasaei-tkirutytoz.1279.
1608 3897 1609 3906 ,

480 3988 566 4052 Pro
590 3985 784 4069 Nuucijs
809 3982 967 4051 Servie
991 3994 1033 4052 et
1056 3987 1193 4072 Regis
1217 3989 1391 4058 Karoli,

483 4096 647 4178 Scriptum
663 4100 713 4159 est
729 4093 903 4178 Magistris
920 4093 1112 4160 Portulanis
1128 4093 1252 4180 Apulia
1270 4107 1331 4166 etc.
1350 4100 1432 4167 Cum
1449 4122 1508 4167 nos

375 4204 572 4282 Magistrum
598 4203 638 4267 do
663 4202 846 4268 Aureliano
875 4198 1047 4284 Clericum,
1064 4210 1097 4269 et
1114 4204 1321 4290 Raynaldnm
1339 4208 1504 4294 Blancroy
1607 4249 1609 4256 ,

374 4318 502 4376 nostros
528 4312 665 4377 dilectos
691 4313 734 4377 ad
755 4311 926 4376 liluxtrcm
951 4311 1075 4396 Regem
1101 4311 1216 4380 Seruie
1233 4339 1300 4382 una
1316 4339 1389 4383 cum
1404 4319 1506 4402 ipsius

370 4418 472 4504 Regis
497 4417 636 4504 Nmrcijs
662 4422 701 4486 de
726 4427 839 4486 nostra
861 4419 962 4486 Curia
978 4421 1191 4489 redeuntibus
1207 4422 1250 4491 ad
1268 4424 1417 4493 eumdem
1434 4448 1504 4516 spe·
