3170 5234
755 349 991 396 menouaczml
1008 339 1173 396 amissas.

923 675 997 736 233.

421 834 583 900 Victanaa
607 832 760 896 aaronem
779 833 890 896 conrad
908 831 1078 918 Sepadbua
1088 833 1238 917 jelente‘st
1253 845 1314 897 leoz
1330 859 1352 898 a
1368 835 1487 920 doqeltez

588 942 705 1005 Maria
721 939 875 1003 veleaczei
891 941 1060 1004 keraskedb'
1076 942 1224 1025 ttpye'bea.
1244 945 1338 1006 1308.

501 1136 695 1221 Exemplum
720 1135 906 1200 litterarum
933 1135 1105 1202 missarum
1122 1136 1252 1200 domino
1268 1136 1354 1202 Duoi
1372 1141 1506 1222 exparte

396 1246 506 1330 gratia
520 1245 586 1309 Dei
601 1245 740 1322 Viviani,
757 1241 910 1306 Consulis
920 1242 1123 1308 Venetorum
1141 1245 1173 1306 in
1190 1241 1307 1324 Segne.

504 1353 623 1420 Vestra
641 1351 854 1416 Oelsitudinis
871 1349 998 1414 litteras
1014 1351 1119 1433 recepi
1137 1355 1326 1416 reuerenter
1342 1373 1399 1434 per
1415 1349 1506 1416 Mari-

395 1481 473 1530 num
497 1459 648 1542 Zaulani‚
671 1480 729 1542 per
755 1477 838 1538 quas
862 1457 942 1520 mihi
959 1456 1162 1539 precepistiS,
1188 1457 1276 1538 quod
1292 1459 1374 1524 alias
1390 1457 1507 1523 ducales

396 1568 526 1632 litteras
541 1567 678 1650 prefatis
694 1566 814 1630 litteris
830 1566 984 1647 alligatas
1000 1565 1167 1629 occasione
1185 1565 1316 1647 dampni
1333 1565 1403 1630 dati
1416 1567 1508 1630 eidem

398 1675 531 1741 Marino
542 1675 672 1739 domino
684 1671 804 1737 Comiti
816 1672 1026 1737 Bartolomeo
1043 1678 1231 1754 presentare
1248 1673 1406 1754 deberem,
1421 1679 1507 1753 atque

398 1802 498 1864 penes
514 1786 620 1864 ipsum
636 1801 855 1864 procurarem,
870 1779 957 1861 quod
974 1780 1035 1862 ipsi
1045 1781 1180 1845 Marino
1197 1802 1248 1845 res
1264 1783 1293 1845 ei
1310 1780 1437 1846 ablatas
1452 1799 1508 1843 res-

398 1891 515 1953 tituere
532 1889 667 1952 deberet
683 1909 739 1952 seu
755 1887 882 1952 restitui
899 1885 1017 1951 facere.
1041 1883 1098 1950 Ad
1110 1907 1172 1966 que
1184 1881 1507 1970 MagnificentieVes-

397 2003 448 2060 tre
464 2017 537 2060 cnm
552 1997 735 2060 reuerentia
751 1995 829 2059 duxi
840 1993 1116 2075 respondendum:
1133 1992 1229 2076 Quod
1248 1995 1357 2058 statim
1368 2013 1509 2076 cumpre-

400 2101 488 2167 dicto
504 2102 635 2168 Marino
662 2103 708 2166 iui
733 2100 776 2165 ad
793 2101 914 2164 dictum
931 2101 1095 2164 dominnm
1112 2097 1273 2166 Comitem
1288 2099 1465 2179 Bartulum,
1481 2103 1509 2161 et

399 2208 509 2274 inueni
536 2231 608 2274 eum
634 2210 668 2273 in
684 2208 849 2290 Buchar0,
874 2213 908 2271 et
933 2207 1037 2271 eidem
1064 2206 1167 2271 dictas
1182 2207 1311 2273 litteras
1327 2206 1509 2292 presentem,

400 2324 499 2401 atque
516 2339 588 2381 enm
604 2317 720 2396 rogaui
735 2336 794 2398 pro
810 2321 903 2397 parte
919 2321 1029 2379 vestra
1045 2319 1078 2378 et
1095 2313 1284 2379 Communis
1300 2312 1509 2392 Venetiamm,

400 2423 488 2507 quod
514 2444 589 2506 sepe
615 2423 702 2488 dicto
719 2421 851 2486 Marino
877 2443 937 2503 roe,
964 2441 1045 2502 quas
1061 2421 1125 2486 sibi
1140 2422 1322 2487 abstulerat
1338 2423 1387 2487 rel
1402 2418 1510 2486 abstuli

400 2531 531 2608 fecerat,
556 2529 726 2594 restituere
742 2530 882 2594 deberet.
907 2527 974 2611 Qui
989 2528 1095 2592 dictus
1113 2529 1230 2593 Comes
1247 2530 1338 2610 dixit,
1364 2529 1447 2611 quod
1461 2547 1511 2610 per

401 2658 477 2702 suas
491 2638 621 2702 litteras
633 2636 752 2706 Vestre
768 2637 993 2701 Dominationi
1010 2637 1205 2718 respondere
1221 2637 1410 2704 intendebat
1425 2655 1510 2718 super

400 2744 559 2830 predictis
575 2742 735 2826 fingendo,
762 2764 794 2807 se
810 2742 892 2806 nihil
909 2742 1052 2807 indebite
1068 2764 1088 2806 a
1104 2740 1192 2808 dicto
1208 2743 1340 2808 Marino
1356 2743 1512 2826 accepisse,

401 2872 460 2917 neo
475 2851 643 2933 pecuniam
659 2870 719 2912 neo
736 2850 892 2914 salarium
908 2871 1001 2914 suurn
1017 2849 1181 2914 habuisse.
1206 2851 1440 2918 Verumtamen
1452 2849 1512 2913 Du-

401 2960 464 3024 oali
490 2955 684 3022 Celsitudini
710 2955 793 3021 facio
818 2978 887 3022 esse
913 2963 1034 3035 notum,
1061 2957 1148 3037 quod
1166 2956 1297 3040 publica
1312 2979 1374 3022 vox
1389 2957 1513 3022 etfama

401 3055 827 3148 est,signai1terVinodole,
854 3063 941 3144 qnod
966 3063 1073 3127 dictus
1090 3061 1207 3127 Comes
1232 3068 1361 3148 accepit
1384 3064 1513 3129 indebite

401 3172 489 3237 dicto
505 3172 640 3236 Marino
657 3191 717 3250 ree,
738 3191 820 3251 quas
838 3170 922 3234 idem
939 3169 1088 3234 Marinus
1105 3191 1216 3234 coram
1232 3168 1355 3237 Vestra
1370 3171 1512 3237 Domina·

400 3280 490 3343 tione
506 3275 678 3359 proposuit
693 3281 726 3340 et
742 3276 834 3354 dixit,
860 3277 943 3338 sicut
959 3276 992 3338 in
1009 3274 1190 3357 exemplum
1206 3275 1392 3342 litterarum
1407 3283 1513 3342 vestra

401 3405 472 3448 rum
497 3383 668 3447 missarum
693 3381 781 3446 dicto
807 3379 928 3446 Comiti
954 3384 1145 3446 continetur.
1192 3381 1238 3445 Et
1261 3385 1395 3466 insuper
1419 3384 1515 3448 dicere

401 3511 541 3575 possum,
565 3490 647 3554 etin
664 3489 802 3555 veritate
819 3488 939 3556 Vestro
957 3489 1111 3552 Dominio
1129 3510 1248 3570 assero,
1274 3493 1363 3570 quod
1378 3490 1514 3557 Sclacum

402 3597 560 3663 antedicti
577 3595 702 3661 Marini
717 3595 785 3660 vidi
801 3597 943 3678 propriis
959 3596 1063 3660 oculis
1079 3598 1112 3659 in
1130 3595 1249 3662 castro
1264 3597 1362 3662 Nouo
1377 3600 1410 3662 in
1425 3597 1515 3681 parti·

402 3703 463 3769 bus
478 3701 652 3782 Vinodole,
679 3702 765 3782 quod
791 3702 870 3766 dicti
896 3703 1018 3766 domini
1043 3700 1180 3768 Comitis
1205 3711 1263 3784 est,
1288 3707 1320 3768 in
1338 3726 1400 3788 qno
1416 3711 1514 3768 castro

401 3809 509 3875 nullus
526 3809 664 3872 forensis
680 3808 780 3873 audet
794 3810 842 3872 ire
858 3808 910 3872 vel
929 3813 1026 3888 stare,
1042 3809 1104 3873 nisi
1121 3810 1161 3874 de
1177 3809 1310 3875 licentia
1328 3818 1362 3876 et
1376 3816 1515 3894 precepto

401 3916 479 3982 dicti
506 3916 631 3980 domini
649 3913 787 3979 Comitis
804 3915 942 3980 Bartoli.
974 3917 1118 3999 Insuper,
1131 3917 1251 3985 Vestre
1266 3917 1417 3983 Potentie
1438 3916 1515 3982 facio

402 4045 471 4090 ease
496 4029 618 4105 notum,
648 4021 736 4103 quod
763 4022 911 4086 dominns
938 4023 1104 4088 Henricus
1130 4023 1347 4108 BadouariuS,
1372 4029 1517 4107 cognatus

403 4133 483 4197 dicti
495 4129 633 4194 Comitis
651 4131 767 4194 stantis
783 4131 814 4192 in
834 4128 952 4214 Segne,
969 4152 1032 4194 non
1049 4139 1098 4198 est
1114 4131 1245 4196 amodo
1264 4132 1394 4215 elapsus
1409 4130 1518 4196 mensis

403 4260 493 4320 vnus,
511 4239 595 4303 dixit
611 4259 723 4303 coram
735 4260 785 4303 me
796 4245 830 4303 et
839 4239 950 4304 multia
960 4240 1193 4304 mercatoribus
1204 4242 1329 4315 vestris,
1345 4237 1517 4322 quodScla·

404 4367 462 4410 vus
479 4345 558 4410 dicti
574 4345 699 4410 Marini
714 4353 786 4410 erat
811 4345 844 4409 iu
860 4346 1025 4428 Buchar0,
1050 4355 1082 4411 et
1098 4349 1206 4411 venire
1223 4346 1355 4411 volebat
1370 4368 1438 4410 oum
1452 4347 1517 4427 ipso

404 4453 437 4518 in
448 4451 598 4534 Segnam,
614 4459 647 4517 et
662 4452 748 4516 idern
764 4453 914 4518 dominus
925 4453 1089 4518 Henrious
1105 4453 1294 4542 noluit-enm
1303 4454 1445 4536 accipere
1455 4455 1518 4515 sine
