3234 5238
578 300 671 369 1277.
1133 301 1176 374 45

78 506 188 569 prorsus
205 505 297 550 mora
314 488 347 548 et
363 482 531 548 occasione
548 482 715 562 cessande,
731 482 877 548 conferes
902 491 935 550 te
960 484 1047 569 apud
1078 485 1180 552 Bero-

77 595 209 660 Iuncnm
228 590 355 658 duabus
371 593 474 675 galeis
491 597 524 656 et
550 613 610 656 vno
637 589 768 674 galieno
794 589 892 657 Onric
917 600 1038 673 nostre,
1064 595 1181 676 quibus

77 723 120 786 per
132 700 264 768 Curiam
280 707 425 766 nostram
441 717 542 782 prees,
559 704 592 763 et
609 699 747 782 recipies
763 699 808 764 ibi
825 697 990 782 Angelum
1001 701 1041 766 de
1058 700 1181 768 Sancte

76 809 169 892 Omne,
185 817 218 874 et
234 831 391 893 personas
408 807 490 874 alies
507 808 656 872 inuentae
673 813 707 870 et
723 806 910 872 solidandae
937 829 995 891 per
1020 830 1091 874 eum
1117 831 1177 893 pro

78 919 227 984 duodecim
260 917 375 983 teridis
415 914 512 981 Curie
552 921 681 994 nostre,
705 936 766 998 qne
792 917 951 981 instanter
977 916 1097 984 debent
1121 939 1181 1002 pro

75 1028 177 1092 nostris
193 1026 343 1109 seruicijs
360 1026 534 1108 nauigare3
551 1032 585 1088 et
600 1022 729 1090 deferes
745 1025 834 1108 ipsos
851 1046 959 1090 omnes
981 1026 1180 1092 incontinen-

74 1143 113 1198 ter
125 1157 195 1200 cum
211 1135 312 1199 ermis
328 1138 360 1197 et
376 1132 473 1197 rebus
489 1153 600 1196 eorum
615 1130 702 1215 apud
718 1130 982 1213 Mendridoniem
999 1135 1051 1200 vbi
1077 1134 1181 1201 teride

74 1243 129 1325 ipse
142 1243 303 1318 erdstunt3
319 1249 350 1306 et
367 1239 482 1306 deinde
499 1261 570 1305 cum
586 1242 666 1324 ipsis
683 1240 787 1323 galeis
818 1247 850 1305 et
875 1241 1003 1324 galieno
1028 1245 1061 1307 in
1086 1243 1181 1308 eomi-

69 1351 131 1434 ¹tine
145 1352 290 1434 ipsarum
306 1348 488 1414 teridsrum
504 1369 606 1431 nsque
623 1349 665 1414 ad
691 1347 805 1431 Iocum,
831 1347 874 1414 ed
900 1369 998 1430 quem
1022 1350 1180 1416 accedere

75 1465 99 1522 et
110 1460 265 1541 nauigare
283 1457 410 1536 debent,
424 1455 570 1536 accedas,
586 1463 617 1520 et
638 1455 681 1520 ab
698 1458 743 1520 eis
758 1456 965 1538 aliquetenus
992 1480 1057 1523 non
1083 1459 1183 1524 disce·

74 1566 128 1632 des.
143 1569 187 1633 Et
203 1589 277 1633 cum
297 1565 339 1631 ed
355 1565 460 1630 locum
477 1565 583 1648 ipsum
614 1565 811 1648 peruenicnt,
844 1566 954 1628 statim
988 1564 1076 1646 quod
1106 1587 1184 1649 gens

74 1683 172 1740 nostre
187 1675 227 1740 de
244 1673 361 1738 teridis
376 1673 454 1755 ipsis
472 1672 650 1737 discederet
667 1695 738 1737 enm
764 1673 854 1755 equis
882 1679 914 1736 et
944 1673 1041 1739 rebus
1072 1695 1185 1739 eorum

74 1784 99 1846 in
113 1785 266 1847 numitius
281 1782 425 1864 ipserum
442 1779 631 1860 teridururn,
647 1801 718 1845 oum
734 1780 856 1846 eisdem
873 1781 975 1863 galeis
991 1787 1026 1847 et
1050 1782 1180 1866 galieno

74 1889 149 1971 apud
164 1887 419 1954 Mandridoniam
436 1889 631 1966 reuerteris3
648 1887 727 1952 etin
745 1865 925 1954 continenti
944 1889 1031 1970 quod
1048 1889 1090 1954 ed
1109 1910 1183 1972 por·

75 2003 134 2061 tum
147 1994 369 2062 Mendridonie
385 1995 531 2076 redieris,
552 1995 635 2060 diem
661 1995 785 2060 reditus
810 1997 858 2060 tui
884 2018 954 2061 cnm
981 1996 1185 2062 vesseliseis·

74 2103 137 2168 dem
151 2104 318 2170 Maiesteti
334 2101 455 2168 Nostre
471 2126 528 2187 per
545 2104 676 2170 lictores
694 2111 766 2170 tuas
784 2105 954 2188 significes,
981 2111 1016 2169 ut
1047 2104 1106 2170 tibi
1132 2124 1188 2169 no·

75 2219 150 2278 tmm
164 2212 406 2295 beneplacitum
420 2213 646 2294 rescribamus,
664 2212 753 2294 quod
770 2212 888 2278 abinde
905 2213 938 2277 in
955 2220 1053 2278 antee
1068 2213 1111 2277 sis
1123 2211 1188 2278 fec·

76 2330 164 2388 turus
180 2321 305 2388 Cantus
331 2321 480 2400 existens,
511 2319 597 2402 qnod
624 2321 656 2385 in
681 2320 840 2386 veniendo
874 2319 917 2386 ed
942 2343 1074 2404 presens
1100 2319 1189 2404 apud

77 2427 221 2495 Berolum
237 2429 280 2494 ed
296 2429 515 2513 recipiendum
531 2427 651 2494 dictum
677 2427 843 2510 Angelum
869 2428 909 2493 de
933 2426 1056 2494 Sancte
1083 2427 1187 2494 Oruce

78 2545 106 2599 et
119 2558 267 2620 personne
284 2537 368 2602 eliae
393 2536 572 2602 teriderum
596 2536 751 2619 ipserum,
777 2543 810 2600 et
834 2536 950 2602 deinde
978 2536 1064 2621 apud
1095 2535 1189 2602 Men·

77 2642 238 2710 iridonism
255 2666 315 2728 pro
331 2645 479 2711 celeriter
496 2643 687 2727 complendo
719 2645 828 2726 viegio
853 2645 1048 2728 supradicto,
1065 2665 1189 2712 morem

75 2752 120 2816 rel
132 2752 284 2820 desidiam
300 2753 447 2836 aliquam
463 2775 528 2818 non
544 2754 740 2823 comminus.
758 2749 844 2834 Quia
860 2754 888 2819 si
913 2755 1084 2820 occasione
1100 2776 1188 2820 more

78 2867 125 2924 tue
139 2861 284 2926 faciende
303 2883 375 2927 oum
391 2861 548 2946 predictis
565 2861 669 2944 galeis
689 2866 721 2926 et
738 2860 870 2944 galieno
888 2861 1028 2945 vingium
1045 2883 1101 2927 seu
1127 2861 1191 2927 diei

76 2989 189 3033 cessum
206 2972 353 3052 ipserum
369 2969 548 3034 teridarum
565 2968 763 3051 contingerit
786 2977 900 3035 contre
919 2976 1064 3036 nostrum
1096 2969 1190 3034 bene-

77 3077 222 3157 placitum
239 3076 421 3161 retardarj3
437 3098 548 3143 omnes
573 3097 737 3161 expensas,
768 3099 832 3160 quc
863 3085 1039 3162 propterea
1062 3077 1189 3142 interim

77 3182 191 3264 fierent,
208 3207 228 3250 a
243 3193 277 3250 te
294 3185 336 3250 de
352 3191 409 3250 tuo
424 3188 556 3270 proprio
572 3185 659 3268 exigi
675 3185 839 3250 iaciemus.
856 3183 1016 3253 Volumus
1049 3186 1192 3268 insuper,

77 3283 155 3370 quod
170 3313 232 3358 vns
248 3293 315 3358 alie
330 3293 446 3372 deride,
463 3313 562 3375 quem
579 3295 612 3357 in
629 3291 744 3359 Vescis
761 3292 881 3377 ermarj
908 3299 942 3358 et
967 3293 1074 3376 purerj
1102 3313 1192 3357 men·

77 3396 225 3483 dsuimns,
241 3404 473 3485 nauigaturum
501 3422 573 3466 cum
599 3399 754 3485 predictis
770 3399 846 3484 ulijs
877 3399 1046 3466 duodecim
1080 3399 1194 3466 teridis

76 3505 106 3569 in
120 3515 212 3590 portu
229 3507 450 3574 Manfridonie
468 3509 690 3590 existentibue,
707 3528 780 3572 cum
807 3506 926 3572 eisdem
952 3507 1122 3573 duodeoIm
1149 3515 1194 3573 te-

78 3613 151 3680 ridis
167 3615 313 3682 similiter
329 3614 424 3680 simul
441 3614 558 3680 debeat
573 3616 737 3697 nauigare.
753 3615 800 3680 Et
814 3621 882 3680 tem
907 3614 940 3678 in
966 3613 1069 3680 eundo
1096 3634 1192 3695 quem

78 3720 109 3784 in
122 3724 282 3789 redeundo
297 3745 368 3788 eam
384 3746 456 3789 cum
471 3723 549 3806 ipsis
564 3722 666 3805 galeis
684 3730 716 3787 et
731 3721 862 3805 galieno
879 3723 1056 3788 conducere
1074 3720 1193 3788 debens

80 3849 146 3892 oum
162 3830 235 3914 elijs
250 3829 421 3896 duodecim
437 3830 550 3895 teridis
576 3830 780 3913 supradictis,
806 3830 929 3896 Datum
955 3830 1043 3913 apud
1069 3829 1193 3894 Lacum

25 3979 26 3982 κ
84 3934 236 4004 Pensiiem
263 3937 365 4006 VIII.
382 3936 528 4022 Augusti
542 3935 582 4004 V.
603 3937 800 4004 indictionis.

180 4103 528 4167 (AsRegietriAngioinir
545 4107 586 4152 25.
613 4117 649 4154 ez.
666 4103 748 4165 meg.
764 4101 860 4154 Keroli
886 4101 1030 4150 Irczimii
1055 4098 1198 4148 kutetebol

85 4193 136 4238 nn
151 4191 167 4239 1.
178 4208 184 4254 3
197 4208 221 4242 u.
235 4197 272 4254 ο.)
