3174 5236
721 345 937 392 ouummntar
955 335 1121 392 suntuna.

895 582 946 645 87.

358 759 421 822 Po'l
437 759 681 842 hervetoraza'pi
698 759 760 820 heia
778 759 810 820 e's
826 782 847 820 u
866 757 1016 820 uelenczei
1041 757 1250 840 aazia-saum
1277 757 1347 820 kazi
1371 759 1475 820 aaron

704 865 755 928 <fvt
770 865 1028 950 seponersaa'ae'net.
1050 867 1142 928 1290.

470 1061 508 1124 In
527 1059 652 1124 Christi
670 1059 809 1143 nomine,
826 1059 879 1124 die
905 1059 1077 1142 dominice,
1102 1058 1349 1145 quartodecimo
1366 1059 1479 1123 mensis
1580 1049 1581 1054 ἵ

361 1167 475 1232 Medii.
494 1165 704 1231 Presontibus
737 1165 875 1231 dominis
891 1166 915 1232 J
917 1168 1018 1232 accho
1035 1169 1177 1250 Donate,
1193 1165 1368 1232 Leonardo
1398 1163 1477 1247 Gysi

362 1273 475 1338 Sancti
494 1272 656 1354 Eustadii,
672 1270 867 1337 Prancratio
884 1273 1026 1340 Venerio
1053 1272 1166 1338 Sancti
1191 1273 1356 1338 ‚Iohannis
1380 1272 1480 1336 decol-

361 1379 430 1450 lati,
447 1380 562 1443 Marco
579 1378 763 1460 Maripetro
781 1379 893 1444 Sancti
920 1378 1044 1458 Seueri,
1070 1379 1179 1445 Tanto
1205 1377 1418 1457 Cancellario‚
1451 1385 1484 1442 et

363 1485 563 1550 Rustechino
581 1485 779 1549 Benintendi
797 1485 937 1551 Notario
963 1493 996 1551 et
1023 1486 1131 1552 scriba
1155 1485 1305 1551 Ducatus
1332 1485 1483 1552 Venecia·
1581 1519 1582 1522 κ

366 1615 447 1672 rum,
479 1592 619 1656 testibus
651 1594 776 1656 vocatis
808 1601 838 1656 et
872 1595 1008 1676 rogatis,
1040 1601 1073 1657 et
1103 1593 1216 1658 multis
1247 1593 1341 1673 aliis,
1379 1611 1482 1656 coram

361 1699 487 1762 Illustri
514 1700 643 1763 domino
677 1700 776 1764 Petro
802 1699 994 1766 Gradenieo
1025 1702 1089 1766 Dei
1121 1700 1234 1782 gracia
1260 1699 1485 1774 Veneciarum,
1581 1763 1582 1766 ,

364 1805 533 1869 Dahnacie
565 1811 664 1888 atque
689 1805 848 1872 Chroacie
875 1807 966 1872 Duce
998 1814 1031 1871 et
1062 1806 1203 1872 Domino
1220 1803 1348 1889 Quarto
1380 1807 1485 1872 Partis
1579 1821 1582 1838 ¹

365 1919 397 1975 et
413 1910 558 1975 Dimidia
576 1914 679 1978 tocius
695 1915 829 1997 Imperii
846 1915 1016 1998 Romanie,
1033 1914 1218 1980 astantibus
1242 1914 1304 1979 sibi
1329 1912 1486 1979 nobilibus
1580 1915 1582 1958 ἲ

365 2019 445 2082 viris
461 2019 598 2084 Andrea
614 2022 654 2084 de
674 2021 807 2100 Melino,
824 2022 997 2087 Leonardo
1011 2021 1165 2102 Venerio,
1193 2021 1324 2086 Marino
1349 2021 1485 2102 nuzino,
1580 2027 1582 2090 i

367 2128 525 2192 Grabono
561 2128 725 2210 Dorulato,
755 2126 912 2192 Gabriele
937 2128 1076 2208 Delfino‚
1101 2126 1255 2192 Johanne
1288 2125 1488 2211 Superancio

368 2233 480 2298 Sancti
492 2233 623 2317 Angeli,
641 2233 846 2299 consiliariis
862 2237 952 2316 eius;
970 2235 1094 2301 nobiles
1104 2236 1165 2299 viri
1177 2234 1299 2299 domini
1310 2233 1442 2318 Pasqua
1451 2234 1489 2298 de
1581 2259 1582 2268 ¹

369 2341 543 2406 Verioasso
560 2347 593 2404 et
609 2341 791 2406 Domaldus
808 2341 848 2405 de
864 2340 1026 2406 Zedulino
1043 2343 1131 2407 ciues
1147 2341 1261 2414 Jadra
1279 2343 1398 2424 nuncii,
1423 2362 1490 2424 pro
1581 2357 1582 2364 ¹

370 2454 545 2523 curatores,
572 2449 686 2512 sindici
712 2455 745 2511 et
762 2453 887 2512 actores
904 2449 1040 2532 Egregii
1056 2451 1117 2513 viri
1143 2448 1266 2512 demini
1291 2447 1391 2513 Pauli
1416 2447 1490 2512 Ber·
1580 2431 1582 2450 ¹

369 2552 528 2618 bericusis
553 2553 638 2617 Bani
655 2562 688 2618 et
713 2555 782 2618 eius
808 2555 947 2620 fratrum
972 2549 1111 2622 Comitis
1138 2554 1273 2638 Georgii
1299 2560 1332 2620 et
1358 2553 1491 2620 Comitis

370 2660 510 2725 Mladini
528 2661 570 2724 ad
587 2663 795 2744 infrascripta
813 2663 991 2740 constituti,
1023 2663 1106 2728 sicut
1133 2669 1271 2746 apparet
1295 2684 1353 2746 per
1379 2663 1493 2727 instru-

371 2774 514 2832 mentum
539 2769 704 2850 publicum
731 2769 806 2834 iude
832 2771 988 2854 scriptum
1016 2777 1049 2836 et
1073 2772 1263 2836 roboratum
1288 2792 1348 2853 per
1364 2792 1491 2836 manum

371 2874 508 2939 Henrici
541 2876 711 2958 Imperiali
742 2879 938 2942 auctoritate
964 2876 1094 2942 Notarii
1120 2883 1155 2943 et
1178 2878 1352 2943 Jedrensis
1378 2878 1488 2944 Jurati

372 3003 457 3046 anno
483 2984 724 3047 incarnationis
757 2972 882 3048 Oliristi
904 2985 1074 3050 millesimo
1101 2985 1322 3050 ducentesimo
1348 2991 1495 3067 octuage-
1582 3027 1583 3046 2

372 3091 453 3153 simo
479 3111 573 3170 none,
590 3091 770 3154 indictione
786 3092 897 3170 tercia,
915 3091 968 3155 die
984 3097 1075 3156 sexto
1103 3093 1248 3156 intrante
1274 3113 1385 3157 mense
1411 3091 1495 3158 Mar·
1582 3089 1583 3140 ἒ

373 3199 421 3276 cii,
438 3197 674 3280 procuratorio,
692 3196 867 3262 sindicario
894 3206 926 3262 et
950 3201 1075 3264 actorio
1102 3200 1231 3264 nomine
1256 3220 1317 3282 pro
1342 3197 1495 3282 predictis
1581 3181 1583 3248 ἶ

373 3304 511 3368 dominis
528 3303 633 3368 Paulo
650 3304 743 3368 Bane
760 3311 793 3368 et
810 3303 995 3370 Comitibus
1012 3304 1157 3389 Georgio
1175 3314 1208 3370 et
1223 3305 1376 3371 Mladino
1394 3306 1495 3372 fratri·

374 3411 443 3492 bue,
460 3411 668 3492 solempniter
683 3413 837 3496 inierunt,
855 3412 1009 3494 fecerunt,
1026 3419 1059 3478 et
1074 3414 1289 3478 firmauerunt
1300 3435 1495 3496 meram‚pu-
1582 3403 1583 3410 ἵ

374 3539 444 3582 ram
461 3525 494 3582 et
508 3517 638 3581 firmam
655 3523 829 3600 treuguam
846 3541 948 3602 usque
975 3521 1018 3584 ad
1043 3527 1112 3586 tres
1137 3540 1238 3586 annos
1264 3523 1436 3586 continuos
1465 3527 1494 3583 et
1581 3563 1583 3580 t

375 3624 551 3705 completos
568 3645 640 3688 oum
657 3625 802 3707 predicto
820 3627 999 3707 Magnifice
1032 3627 1161 3692 domine
1178 3627 1279 3691 Petro
1313 3625 1496 3692 Gradonico
1581 3651 1583 3702 3

375 3731 439 3796 Dei
478 3732 590 3813 gracia
617 3731 1038 3812 Veneciarum,Dalu1acie
1064 3742 1163 3818 atque
1189 3735 1326 3800 Croacie
1353 3734 1448 3800 Duce
1469 3739 1498 3798 et

374 3839 515 3904 Domino
532 3839 659 3922 Quarta
675 3841 787 3904 Partis
814 3848 846 3906 et
862 3842 1008 3906 Dimidie
1034 3844 1139 3908 tocius
1166 3843 1303 3926 Imperii
1329 3841 1498 3916 Romame,

375 3948 570 4030 recipientes
588 3954 621 4012 et
638 3949 836 4030 stipulantes
853 3971 912 4031 pro
929 3971 963 4015 se
981 3957 1013 4013 et
1030 3973 1088 4032 pro
1106 3949 1280 4015 Communi
1307 3959 1340 4014 et
1367 3948 1498 4015 homini·

376 4056 436 4122 bus
461 4051 690 4136 Veneciarum,
716 4055 968 4137 habitatoribus,
1002 4057 1155 4122 subiectis
1181 4064 1214 4121 et
1240 4055 1498 4122 districtualibue
1582 4075 1583 4136 p

376 4147 459 4222 suis;
476 4145 702 4226 promittentes
719 4145 856 4226 nomine,
868 4166 933 4226 quo
945 4145 1068 4209 dictum
1080 4154 1138 4226 est,
1149 4167 1248 4229 supra
1258 4145 1346 4212 dicto
1375 4145 1499 4212 domino
1582 4155 1583 4164 ’

377 4249 462 4314 Duci
479 4249 651 4332 recipienti
669 4271 727 4332 pro
744 4273 777 4315 se
795 4258 828 4316 et
844 4274 902 4334 pro
920 4250 1092 4316 Communi
1103 4259 1136 4317 et
1150 4252 1337 4318 hominibus
1348 4251 1500 4318 Venecia·

378 4354 715 4439 rum‚qu0dptedicti
733 4358 931 4438 fratrea,ch
958 4359 1079 4439 aliquia
1100 4381 1212 4424 eorum
1231 4381 1289 4442 per
1310 4381 1354 4442 se,
1374 4381 1432 4425 seu
1449 4377 1501 4442 per
1581 4383 1583 4450 j

379 4464 523 4532 homines
535 4461 675 4545 Almisii,
688 4488 743 4529 seu
753 4487 810 4550 per
821 4466 904 4530 ullos
914 4487 1024 4530 eorum
1032 4466 1083 4530 vel
1093 4467 1226 4531 alicuiu·
1238 4487 1351 4534 eorum
1361 4466 1500 4536 homines
1581 4487 1583 4524 :
