3174 5236
625 369 719 431 l299.
1193 373 1234 432 83

106 543 242 608 eiusdem
258 543 368 625 Regni
383 543 527 610 fidelium
544 545 586 609 ad
603 565 663 610 nes
677 566 806 610 rumore
823 546 971 628 perlat03
988 547 1132 612 volentes
1150 549 1232 612 eius-

106 650 175 715 dem
189 650 296 733 Begni
314 652 416 716 statui
432 653 615 735 prouidere,
632 652 700 716 siue
722 654 933 720 successionis
959 655 1028 718 siue
1055 660 1231 720 consuetu·

105 755 192 835 dinis,
223 759 293 822 siue
324 757 501 838 electionis,
532 760 601 824 siue
633 781 825 842 quoeunque
858 760 923 824 alio
955 761 1026 824 iure
1053 760 1107 825 uel
1132 760 1230 825 mode

1 949 2 956 ἵ
106 863 138 929 id
152 869 336 947 competere
368 865 566 946 dinoscatur,
597 865 762 932 Kurolum
793 868 1045 950 primogenitum
1076 873 1235 948 nestrum,

109 969 350 1037 Salernitanum
366 972 555 1056 Principem
571 978 604 1038 et
630 973 777 1039 Honoris
809 973 936 1039 Mentis
968 973 1082 1039 Sancti
1114 971 1237 1057 Angeli

1 1069 2 1076 ἵ
107 1077 287 1160 Dominum,
303 1079 344 1142 ad
362 1080 506 1146 eiusdem
520 1079 631 1164 Regni
648 1081 756 1146 sedern
775 1085 810 1144 et
832 1082 989 1162 regimen,
1006 1089 1104 1164 atque
1129 1082 1163 1145 in
1189 1082 1237 1164 ip·

1 1219 14 1276 p
107 1187 169 1254 siue
186 1187 297 1271 Regni
313 1185 440 1270 Regem
457 1210 496 1252 ex
523 1187 706 1253 delibareto
737 1187 891 1252 fidelium
914 1189 1050 1252 consilio
1077 1189 1236 1270 eligentes

106 1315 142 1358 ae
158 1294 388 1378 preeligentee,
402 1296 555 1379 Regnum
570 1298 675 1380 ipsum
693 1295 849 1380 Vngarie,
865 1317 937 1360 curn
953 1296 1147 1375 hominibus,
1163 1317 1233 1360 vas·

107 1401 205 1483 sellis,
221 1402 409 1486 honoribus,
424 1404 649 1486 dignitatibus,
675 1403 919 1488 principatibus,
943 1403 1234 1484 marchionatibus,

107 1508 290 1590 ducatibus,
309 1509 527 1594 comitatibus,
561 1511 713 1595 baronijs,
746 1510 947 1589 ciuitatibus
979 1511 1108 1590 castris,
1140 1510 1238 1591 villis,

106 1615 231 1696 insulis,
248 1617 366 1700 planis,
382 1619 555 1700 montibus,
572 1619 667 1701 aquis
687 1618 872 1698 maritimis,
888 1617 1025 1698 iuribus,
1040 1615 1236 1682 iurisdictio·

108 1724 211 1805 nibus
226 1727 310 1790 meri
327 1725 485 1808 mixtique
501 1724 630 1807 imperij
646 1732 678 1789 et
695 1725 797 1808 gladij
816 1731 989 1807 potestate,
1006 1746 1063 1789 nec
1090 1745 1154 1788 uon
1170 1746 1235 1788 ser-

108 1830 208 1913 uitijs,
239 1829 383 1910 tributis,
400 1830 594 1910 nominibus,
610 1839 645 1896 et
664 1831 873 1913 pertinentijs
891 1831 959 1895 suis
985 1830 1144 1912 omnibus
1167 1840 1235 1896 tam

110 1936 196 2000 infra
213 1937 298 2024 (igy)
312 1959 409 2022 quam
427 1945 521 2003 extra
536 1938 687 2021 Regnum
704 1939 809 2020 ipsum
825 1935 962 2002 adidem
982 1937 1134 2019 Regnum
1150 1961 1239 2022 spec·

108 2045 263 2148 tantibps,
278 2051 376 2128 prout
392 2045 557 2128 predictus
574 2044 678 2110 lrater
694 2051 814 2126 nester,
831 2051 888 2109 aut
904 2044 958 2126 alij
988 2046 1234 2128 predecessores

108 2153 209 2219 nostri
223 2152 372 2237 predicta
387 2154 496 2217 omnia
511 2153 563 2217 uel
580 2153 708 2236 singula
724 2159 897 2218 tenuerunt
914 2152 965 2217 vel
991 2157 1102 2218 tenere
1119 2154 1235 2218 debue-

108 2269 192 2340 runt,
226 2261 296 2326 viro
327 2259 428 2326 notili
477 2259 622 2325 Heurico
661 2259 782 2326 Comiti
823 2260 1016 2329 Vedemeris
1066 2261 1152 2327 fideli
1178 2285 1234 2326 no-

111 2375 178 2434 stro
194 2369 237 2434 ad
254 2369 313 2434 hec
329 2369 539 2452 solempniter
556 2370 743 2451 constituto,
760 2369 930 2450 recipienti
956 2370 1084 2433 nomine
1112 2391 1150 2434 ae
1177 2391 1236 2452 pro

111 2485 203 2561 parte
219 2478 321 2560 ipsius
337 2475 457 2541 Karoli
475 2476 681 2561 primogeniti
697 2475 810 2556 nostri,
827 2497 866 2540 ac
891 2497 949 2558 per
966 2476 1106 2540 eundem
1133 2475 1238 2542 Comi·

112 2585 221 2650 mitem
239 2584 345 2652 eidem
360 2582 489 2650 Karolo
509 2585 627 2649 eteius
643 2584 817 2648 heredibus
833 2605 872 2647 ex
889 2585 989 2665 ipsius
1010 2603 1144 2665 corpore
1162 2586 1240 2666 legi-

110 2693 186 2756 time
203 2689 475 2757 descendentibus
492 2692 525 2756 in
543 2697 744 2775 perpetuum,
760 2691 850 2754 natis
867 2691 914 2753 vel
933 2691 973 2753 de
999 2697 1105 2754 cetere
1132 2692 1235 2758 nesci-

111 2799 199 2880 turis,
215 2799 255 2863 de
272 2819 362 2862 mera
377 2797 611 2880 hberalilitate,
631 2798 765 2881 speciali
782 2798 892 2880 gratia
919 2804 951 2860 et
982 2801 1128 2864 materne
1159 2802 1238 2865 enri-

115 2908 196 2971 tatis
213 2905 332 2971 affeetu
348 2907 561 2987 concedimus
579 2907 736 2971 donamus
755 2913 786 2970 et
801 2905 961 2971 tradimus
977 2905 1030 2969 uel
1044 2907 1147 2988 quasi,
1178 2931 1244 2972 enl-

112 3036 215 3098 ueque
233 3014 412 3079 dominium
429 3015 588 3079 directum
605 3015 729 3078 etvtile
761 3015 863 3096 ipsius
896 3013 1003 3096 Regni
1037 3013 1067 3076 in
1101 3016 1241 3078 eundem

112 3119 271 3186 Comitem
293 3122 498 3204 recipientem
518 3121 644 3186 nomine
670 3143 708 3184 ac
739 3141 797 3203 pro
829 3127 923 3202 parte
953 3119 1092 3202 predicti
1122 3119 1243 3184 Kareli

111 3230 320 3314 primogeniti
338 3230 730 3312 nestri‚acpe1·eundem
748 3227 910 3293 Comitem
937 3228 970 3290 in
1008 3227 1146 3292 ‹urndem
1178 3228 1244 3308 pri-

3 3411 5 3430 Ι
112 3339 311 3420 mogenitum
327 3337 582 3416 transferentem
601 3335 739 3401 eundem
765 3334 923 3400 Comitem
949 3336 1161 3417 recipientem
1185 3356 1242 3398 no-

3 3431 5 3490 ἶ
37 3519 40 3526 ,
113 3445 195 3510 mine
211 3467 250 3509 ae
266 3465 327 3527 pre
345 3453 441 3526 parte
458 3444 558 3526 ipsius
574 3444 784 3526 primogeniti
802 3444 905 3506 niistri
923 3441 1037 3505 exinde
1064 3465 1121 3524 pei·
1148 3463 1237 3506 eore-

111 3576 182 3620 nam
200 3574 333 3619 auream
350 3561 382 3617 et
397 3551 543 3618 eiusdem
558 3553 665 3634 Regni
682 3552 835 3616 vexillum
861 3552 1071 3634 solempniter
1104 3551 1238 3613 inuesti-

113 3681 192 3743 mus,
208 3668 355 3725 materne
372 3660 608 3726 benedictionis
625 3660 733 3738 gratia
749 3659 947 3723 etmendnto
959 3660 1139 3738 subiuneto,
1151 3657 1238 3738 qued

115 3768 197 3833 idem
216 3769 454 3851 primogenitur
471 3774 591 3847 noster,
616 3774 649 3833 et
674 3766 810 3832 heredes
828 3767 938 3850 ipsius,
955 3766 1099 3831 eiusdem
1131 3765 1239 3843 Regni

115 3877 252 3960 populos
268 3873 406 3941 caritate
424 3875 598 3953 custodiat,
615 3875 742 3939 iustitia
759 3873 890 3956 dirigat,
906 3895 943 3938 ac
968 3895 1048 3956 paee
1074 3872 1236 3953 disponat.

113 3984 153 4048 In
169 3983 260 4048 cuiue
276 3981 323 4046 rei
338 3981 435 4047 fidem
445 3989 699 4064 perpetuamque
710 3981 908 4058 memoriam,
919 4001 956 4043 ac
967 3979 1111 4043 eiusdem
1123 3977 1240 4041 Karoli

113 4090 339 4174 primogeruiti
356 4093 467 4172 nostri,
499 4098 531 4154 et
561 4090 716 4154 heredum
749 4111 882 4155 suorum
916 4088 1077 4152 cautelam
1109 4107 1242 4168 presens

113 4199 318 4283 priuilegium
344 4198 407 4264 sibi
434 4198 550 4262 exinde
574 4199 654 4277 fieri,
679 4205 780 4280 atque
806 4197 921 4278 sigillis
947 4191 1110 4278 Principis
1136 4195 1242 4259 incliti

113 4305 234 4372 domini
250 4306 310 4369 viri
330 4305 432 4369 nostri
449 4306 570 4369 domini
598 4304 715 4370 Kareli
741 4303 882 4369 Secundi
909 4303 972 4367 Ilei
999 4303 1107 4385 gratia
1139 4301 1242 4385 Regis

114 4411 307 4490 Jerusalem,
335 4409 455 4492 Sicilie,
481 4399 630 4476 Ducatus
666 4410 797 4494 Apulie,
823 4417 855 4475 et
882 4410 1094 4493 Principatus
1121 4407 1243 4497 Capue,

114 4517 285 4584 Prouineie
303 4521 335 4581 et
351 4508 598 4602 Forchalqueiij
617 4517 761 4596 Comitis
778 4521 810 4580 et
827 4523 940 4581 nestro
957 4516 1092 4582 lecimus
1104 4505 1243 4583 commu-

1096 4623 1137 4694 6*
