3170 5234
431 389 496 450 252
782 414 1017 461 urruouaozuu
1034 401 1202 462 mbram.

429 565 529 632 vmcfis
554 568 643 636 mille
669 572 880 655 septuaginta
904 577 979 638 octo
1005 579 1038 636 et
1062 574 1184 638 tarenis
1210 573 1326 656 viginti
1350 577 1435 638 octo.
1473 571 1547 636 Item

429 674 611 757 assignasse
627 678 821 763 subscriptis
838 679 997 764 Ecclesijs
1015 686 1048 745 et
1062 681 1211 764 personis
1226 680 1302 764 alijs
1318 702 1384 746 vna
1398 701 1472 746 cnm
1486 699 1549 763 pre

431 779 527 846 dictis
547 784 719 867 quondam
735 787 901 871 Magistro
916 789 1018 854 Petro
1044 794 1078 855 et
1092 787 1257 873 quondam
1273 789 1442 873 Magistro
1458 786 1550 852 Fran·

430 888 527 972 eisco,
541 890 638 958 fratri
654 891 792 960 Nicolao
810 893 936 960 Abbati
953 894 1152 962 Monasterii
1168 893 1283 962 Sancti
1299 895 1445 963 Martini
1459 893 1550 960 inSa·

432 1016 488 1061 cro
513 997 628 1062 Monte
654 999 823 1066 Pannonia
847 997 981 1068 Ordinis
1007 1000 1118 1069 Sancti
1143 1002 1311 1069 Benedicti
1338 1000 1551 1085 deputandam

433 1100 557 1170 Diuiuo
582 1105 682 1170 cultui
707 1107 740 1172 in
766 1108 916 1190 predicta
939 1108 1089 1176 Ecclesia
1104 1108 1217 1176 Sancti
1233 1107 1372 1175 Martini
1395 1109 1551 1192 planetam

434 1231 527 1276 unam
552 1210 592 1276 de
619 1214 771 1279 sammito
796 1216 896 1281 rubeo
922 1237 995 1281 cum
1019 1215 1098 1281 friso
1125 1220 1201 1281 aute
1217 1222 1251 1281 et
1264 1222 1354 1280 retro
1371 1215 1415 1280 ad
1430 1213 1552 1280 modum

432 1318 538 1382 crucis
553 1317 735 1385 laboratam
751 1321 794 1386 ad
808 1319 996 1405 ilerdelisia,
1011 1322 1200 1389 tunicellam
1208 1344 1313 1415 unam,
1329 1322 1552 1406 dyalmatioam

432 1445 528 1492 vnum
544 1425 584 1491 de
600 1427 714 1493 eodem
729 1431 881 1494 sammito
897 1430 998 1496 rubeo
1014 1453 1088 1496 cum
1103 1429 1183 1496 friso
1200 1431 1350 1496 similiter
1366 1431 1401 1494 iu
1418 1429 1552 1512 capiens·

432 1533 478 1598 lia
502 1537 535 1597 et
559 1536 714 1618 manicis;
746 1537 891 1620 pluuiale
917 1559 1013 1604 vnum
1041 1538 1081 1604 de
1096 1539 1208 1605 eodem
1224 1538 1375 1603 sammito
1392 1557 1468 1602 eum
1482 1536 1552 1602 friso

434 1638 584 1707 laborato
601 1642 643 1707 ad
659 1642 838 1711 flordelisia
853 1651 887 1710 et
897 1647 1024 1730 aquila;
1048 1643 1194 1729 pluuiale
1204 1643 1345 1712 aliudde
1355 1644 1471 1709 eodem
1482 1657 1553 1708 sam·

434 1746 516 1811 mito
532 1767 604 1812 cum
619 1747 701 1813 friso
717 1747 869 1818 laborato
885 1752 927 1817 ad
942 1749 1123 1818 flordelisia
1139 1772 1211 1816 cnm
1228 1751 1344 1817 auibus
1359 1750 1554 1830 etoastellis;

433 1859 468 1920 et
483 1853 628 1937 pluuiale
644 1856 735 1923 aliud
752 1858 792 1924 de
808 1859 922 1926 eodem
939 1860 1090 1925 sammito
1107 1859 1211 1924 rubeo
1227 1878 1299 1923 cum
1308 1857 1391 1922 friso
1401 1857 1554 1934 laborato,

434 1961 486 2028 vbi
513 1969 590 2029 suut
614 1964 758 2048 castella,
783 1967 817 2032 in
832 1967 939 2033 medio
955 1967 1088 2052 quidam
1105 1966 1193 2050 nodi,
1219 1972 1252 2031 et
1267 1989 1288 2031 a
1301 1965 1407 2031 latere
1425 1963 1553 2048 quedam

434 2089 522 2136 aues.
539 2069 625 2136 Item
641 2070 844 2140 Monasterio
854 2072 975 2142 Sancta
984 2073 1092 2140 Maria
1102 2073 1228 2141 Montis
1238 2071 1387 2156 Virginis
1403 2072 1552 2156 capellam

435 2197 532 2243 vuum
547 2180 588 2245 de
604 2201 712 2263 pauno
729 2184 906 2248 cartarisco
922 2182 998 2249 albo
1015 2184 1203 2267 dyasprato,
1217 2182 1251 2246 in
1261 2178 1554 2264 quaiuerunttuni-

435 2285 520 2351 cella
535 2308 606 2368 vna,
631 2287 831 2371 dyalmatica
845 2312 914 2370 vua,
940 2290 1075 2356 casubla
1094 2311 1156 2356 vna
1171 2311 1245 2354 cum
1260 2285 1426 2354 aurifrisis
1442 2307 1554 2366 aarum

437 2412 516 2475 cape
531 2398 601 2460 tres
620 2416 692 2460 cum
708 2395 870 2462 aurifrisis
887 2398 930 2463 ud
945 2397 1113 2482 ymagines
1122 2394 1370 2481 Apostolorum,
1386 2395 1487 2479 panni
1501 2395 1554 2460 duo

441 2496 621 2567 Tartarisci
637 2503 703 2570 albi
719 2526 778 2588 pro
795 2503 904 2587 altari,
919 2503 1061 2570 frontale
1076 2523 1174 2570 vnum
1183 2525 1243 2586 pro
1251 2501 1351 2568 altari
1361 2502 1402 2567 de
1413 2501 1555 2569 aurifriso

436 2605 586 2674 laborato
603 2609 645 2676 ad
661 2613 830 2697 ymagines
846 2611 1095 2697 Apostolorum,
1121 2612 1278 2676 camisum
1294 2631 1390 2676 vnum
1407 2633 1483 2676 cum
1498 2609 1556 2674 fim-

438 2712 519 2778 briis
535 2714 575 2779 de
591 2738 699 2800 panno
716 2720 830 2803 serico,
857 2719 943 2786 stola
957 2741 1020 2784 vna
1035 2725 1070 2784 et
1084 2717 1267 2802 manipulus
1282 2736 1375 2799 uuus,
1398 2717 1556 2800 cingulum

437 2841 535 2886 vnum
558 2831 592 2889 et
617 2825 750 2892 calicem
775 2848 870 2892 vnum
898 2847 970 2892 cum
985 2832 1107 2910 patena
1122 2826 1163 2891 de
1178 2827 1322 2908 argento.
1361 2824 1450 2890 Item
1465 2821 1555 2888 soron
1582 2909 1584 2912 Ι

438 2922 565 3011 Agneti
581 2929 759 2999 Oaraczule
775 2933 957 3002 Abbatisse
981 2939 1015 3000 et
1031 2931 1216 3000 Conuentui
1230 2931 1430 2998 Mouasterii
1447 2928 1556 2997 Sancte

438 3033 547 3104 Man‘e
571 3037 722 3124 Dompne
746 3041 875 3126 Regina
899 3043 940 3108 de
956 3042 1098 3126 Neapoli
1119 3039 1278 3123 capellam
1293 3059 1389 3102 vnum
1404 3058 1479 3102 cum
1494 3035 1556 3102 sub

436 3144 569 3229 scriptis
582 3150 782 3214 ornamentis
792 3149 915 3216 Diuino
926 3150 1027 3215 cultui
1044 3146 1247 3231 deputandis,
1262 3145 1409 3227 legatam
1417 3143 1498 3211 inibi
1506 3163 1555 3226 per

439 3250 574 3316 eandem
593 3253 757 3322 dominam
766 3256 939 3340 Reginam,
956 3258 1041 3324 sicut
1057 3257 1091 3320 in
1107 3254 1248 3339 quodam
1265 3250 1418 3318 codicillo
1429 3270 1556 3335 peream

439 3358 570 3426 condito
595 3363 789 3445 continetur,
812 3364 962 3430 videlicet
988 3363 1171 3456 ymaginem
1196 3360 1302 3426 Beate
1317 3355 1471 3441 Virginis
1494 3377 1555 3424 enm

439 3463 507 3530 filio
522 3467 556 3532 iu
573 3468 715 3536 brachiis
731 3471 771 3538 de
786 3479 924 3559 argento
941 3493 1014 3538 cum
1030 3469 1269 3538 diadematibus
1285 3465 1326 3532 de
1341 3487 1424 3534 euro
1440 3471 1474 3531 et
1487 3461 1556 3548 lapi·

441 3572 537 3640 dibus
553 3579 711 3658 preciosis
728 3585 762 3645 et
775 3581 888 3664 perlis,
901 3579 1077 3647 habentem
1094 3579 1205 3662 capita
1220 3581 1253 3640 et
1268 3574 1439 3640 bracbiam
1451 3573 1490 3641 'de
1499 3572 1555 3637 ala·

439 3682 563 3763 bastro,
589 3693 622 3751 et
645 3686 752 3753 Beata
768 3688 873 3773 Virgo
898 3694 988 3754 tenet
1013 3688 1046 3753 in
1072 3691 1201 3771 pectore
1228 3682 1366 3750 formale
1381 3703 1479 3748 unum
1496 3697 1556 3744 cum

441 3790 604 3873 balascio;
629 3793 715 3859 dieta
730 3816 848 3880 ymago
866 3797 965 3863 babet
980 3795 1093 3880 pedem
1109 3793 1150 3859 de
1165 3797 1303 3876 argento
1320 3811 1420 3873 super
1431 3793 1556 3873 quatuor

442 3899 567 3984 angelis
583 3902 624 3968 de
640 3911 777 3987 argento
792 3904 940 3970 similiter
956 3904 1121 3982 deaurato,
1138 3902 1328 3966 estimatum
1343 3894 1555 3965 rueramus

442 4015 588 4090 centum;
611 4031 740 4076 crucem
766 4031 861 4076 unam
887 4033 960 4077 curu
988 4008 1142 4076 crucifixo
1161 4006 1202 4075 de
1218 4027 1299 4073 auro
1317 4026 1391 4070 cum
1406 4001 1555 4089 lapidibus

427 4117 598 4198 preciosis
615 4124 647 4183 et
662 4119 762 4202 perlis
779 4140 851 4184 cum
867 4120 950 4203 pede
968 4118 1009 4184 de
1020 4122 1159 4202 argento
1177 4116 1338 4182 deaurato
1355 4118 1390 4178 et
1406 4109 1554 4184 smeltato,

444 4224 633 4291 extimatam
658 4227 765 4293 valere
789 4229 900 4292 uncias
926 4225 1185 4312 quadringentas
1210 4221 1433 4309 quadraginta
1460 4234 1554 4288 insui

445 4353 572 4398 crucem
589 4353 684 4399 ruam
701 4357 773 4400 cum
788 4335 939 4402 aurifriso
956 4336 996 4401 de
1012 4356 1091 4401 auro
1106 4332 1301 4410 etbalascio,
1318 4329 1439 4394 zeffiris
1451 4333 1554 4391 etsma·

445 4440 557 4521 ragdis
581 4461 653 4506 cum
678 4443 759 4526 pede
777 4444 817 4508 de
833 4449 971 4527 argento
988 4444 1146 4509 deaurato
1163 4448 1196 4507 et
1212 4437 1367 4505 smalteto
1384 4436 1554 4502 extimam

447 4545 557 4610 valere
573 4555 683 4618 vncias
700 4550 855 4617 ducentas
873 4551 1103 4636 septuaginta3
1126 4547 1312 4634 ymaginem
1320 4545 1421 4612 Beati
1430 4534 1555 4620 lodoyci

1580 4779 1582 4826 l
