3174 5236
417 353 480 426 130
777 373 1012 427 nrrnonrczmr
1028 367 1195 427 surtran.

413 539 469 622 qui
484 539 667 604 seruierunt
698 539 814 626 eidem,
829 546 863 604 et
877 540 941 622 pijs
958 547 992 604 et
1006 540 1171 623 religiosis
1186 541 1266 606 loeis
1282 562 1341 624 per
1358 563 1414 608 uos
1428 523 1532 607 distri-¹

412 646 505 712 butio
522 646 621 728 digna
635 647 701 711 fiat.
717 647 768 711 De
785 647 1060 730 prouidentiaque
1075 653 1195 728 uestra,
1221 653 1299 712 nota
1330 649 1483 714 industria
1495 657 1522 713 et

415 753 587 838 legalitate
602 753 776 836 plurimum
794 753 1001 834 confidentes,
1028 775 1086 818 uos
1110 774 1229 834 omnm,
1255 754 1311 837 qui
1338 755 1378 819 de
1393 757 1524 822 omnibus

349 865 354 880 “
416 861 538 926 debitis
555 861 633 925 dieti
651 861 814 942 quondam
832 859 934 943 Regis
949 859 1106 942 Vngarie,
1132 867 1166 924 et
1197 864 1385 944 specialiter
1401 863 1521 926 Petrum

416 968 581 1052 Braherij,
597 975 630 1033 et
646 970 845 1052 Magistrum
863 968 1053 1033 Alberieum
1070 969 1110 1033 de
1126 967 1298 1051 Verbalis,
1315 972 1372 1052 qui
1388 969 1427 1034 de
1444 991 1525 1051 agen·

417 1077 468 1140 dis
484 1077 563 1142 dicti
580 1075 744 1158 quondam
760 1077 873 1160 Regis,
890 1083 923 1140 et
940 1075 980 1160 de
997 1075 1213 1158 qualitatibus
1224 1077 1426 1160 singulorum
1442 1077 1527 1157 longa

418 1184 607 1266 experentia
631 1189 814 1265 temporum
839 1184 949 1248 omnia
980 1184 1177 1247 manualiter
1205 1187 1269 1248 iam
1296 1184 1460 1267 palpastis,
1475 1183 1528 1264 ple·

418 1311 494 1354 narn
525 1291 653 1355 habetis
685 1291 849 1376 noticiam,
875 1309 973 1372 super
998 1290 1211 1353 restituendis
1237 1290 1359 1355 debitis
1375 1291 1460 1374 ipsis,
1473 1295 1527 1354 tem

419 1418 480 1480 pro
496 1398 672 1463 cotidianis
688 1397 799 1462 usibus
826 1398 1042 1480 hospitiorum
1069 1399 1148 1464 dieti
1165 1398 1266 1480 Regis
1281 1408 1315 1463 et
1329 1399 1456 1480 Regino
1470 1415 1529 1459 con·

422 1506 520 1569 sortis
538 1525 608 1584 sue,
625 1504 883 1569 restitutionibus
900 1526 1067 1588 equorum,
1082 1507 1189 1589 gagiis
1205 1507 1346 1570 militum
1362 1511 1395 1570 et
1411 1505 1530 1569 aliarum

421 1632 632 1694 personarum
648 1611 783 1692 hospitij
801 1631 912 1674 eorum
943 1611 1044 1691 Regis
1073 1619 1104 1675 et
1135 1612 1271 1694 Regino,
1297 1635 1360 1695 que
1391 1611 1531 1676 debentur

423 1718 554 1798 eisdem,
569 1739 672 1799 usque
689 1717 731 1782 ad
748 1725 876 1799 tempus
892 1717 992 1800 Regis
1010 1719 1153 1784 eiusdem
1172 1718 1320 1782 duximus
1345 1723 1457 1783 tenore
1472 1736 1528 1800 pre·

422 1825 563 1890 sentium
580 1825 789 1890 ordinandos.
805 1822 963 1892 Volentes
980 1831 1014 1888 et
1039 1825 1240 1907 mandantes,
1265 1833 1427 1909 quatenus
1443 1822 1531 1906 supel-

424 1931 549 1996 lectilia
565 1930 683 2014 omnia,
699 1952 778 1996 vasa
793 1952 895 1996 aurea
911 1937 943 1994 et
958 1939 1119 2014 argentea
1135 1931 1267 2016 hospitij
1286 1939 1319 1996 et
1334 1953 1459 1997 camere
1469 1928 1533 1994 dicti

424 2037 588 2121 quondam
604 2037 705 2120 Regis
721 2037 868 2120 Vngarie
884 2037 909 2100 J
911 2040 1012 2105 acobo
1030 2037 1055 2102 J
1056 2041 1179 2123 annesij
1196 2039 1237 2104 de
1248 2037 1396 2117 salerno,
1412 2038 1533 2104 Notario

425 2150 459 2210 et
475 2144 629 2210 familiari
645 2145 748 2230 Regis
765 2145 882 2211 denoto
899 2152 1021 2229 nostro,
1046 2147 1088 2212 ad
1113 2147 1175 2212 hoc
1193 2146 1407 2212 demandato
1437 2149 1532 2210 nostro

427 2258 560 2330 statuto,
579 2274 637 2336 per
652 2257 762 2334 partes
778 2261 811 2318 et
842 2253 988 2318 membra
1013 2252 1165 2318 distinete
1191 2260 1223 2319 et
1246 2252 1533 2336 patricolaritaras·

427 2360 602 2441 signantes,
619 2359 835 2442 supellectilia
850 2361 930 2443 ipsa,
945 2382 1025 2425 vasa
1040 2383 1138 2425 aurea
1164 2367 1198 2425 ot
1222 2369 1388 2444 argentea,
1411 2365 1534 2443 postmo-

429 2464 506 2530 dum
522 2466 725 2532 distribuatis
741 2468 834 2532 iuxta
849 2473 992 2532 vestrum
1008 2467 1191 2551 arbitrium,
1213 2475 1246 2532 et
1269 2468 1430 2549 condigna
1445 2464 1534 2530 ‹listri-

429 2573 561 2639 butioue
578 2596 637 2657 pro
655 2573 797 2639 remedio
812 2575 919 2638 anime
936 2573 1013 2638 dicti
1031 2575 1150 2657 Regis;
1166 2560 1360 2641 mandantes
1391 2575 1475 2639 dioto
1488 2571 1534 2636 aa

429 2683 510 2746 cobo
526 2680 756 2764 permundata
772 2687 805 2745 et
821 2681 953 2746 cedulae
969 2689 1098 2747 nostras
1123 2683 1242 2748 uestris
1268 2684 1472 2764 consignatas
1486 2678 1534 2758 sig·

429 2790 564 2872 usculis,
581 2789 668 2871 quod
684 2794 752 2852 tam
769 2787 983 2871 supellectilia
1008 2789 1089 2870 ipsa,
1115 2810 1194 2852 vasa
1225 2809 1325 2852 ames
1340 2796 1373 2853 et
1389 2792 1535 2872 argentea,

431 2897 487 2979 qui
503 2898 672 2979 pecuniam
688 2901 791 2958 totam
807 2916 866 2977 pro
892 2894 1098 2960 restitutione
1130 2895 1313 2961 debitorum
1344 2895 1424 2960 dicti
1452 2912 1535 2976 quon-

431 3005 506 3070 dam
523 3004 636 3085 chiS‚
652 3004 758 3085 gagiis
775 3002 914 3067 militum
940 3010 971 3066 et
1002 3003 1142 3066 aliarum
1161 3024 1374 3085 personarum
1391 3002 1465 3066 dicti
1478 2999 1536 3061 hos

431 3115 503 3195 pitij
521 3112 641 3177 debitis
657 3133 762 3194 usquo
778 3111 820 3174 ad
836 3116 963 3192 tempus
979 3111 1092 3175 mortis
1110 3110 1211 3192 Regis
1228 3109 1382 3190 eiusdem,
1398 3117 1433 3173 ut
1447 3122 1536 3188 supra,

431 3221 653 3302 distinguitur,
683 3226 781 3301 prout
812 3217 873 3281 sibi
905 3217 1104 3282 mandabitis
1135 3218 1228 3281 iuxta
1253 3217 1480 3282 commissionis
1492 3228 1537 3276 sue

430 3335 575 3391 tenorem
591 3327 708 3391 liberet
724 3334 756 3390 ot
772 3326 937 3406 exsoluat3
970 3327 1090 3388 sivero
1122 3325 1163 3389 ad
1180 3325 1330 3408 predicta
1354 3325 1459 3389 omnia
1480 3338 1537 3383 exe

432 3437 567 3517 quentia
582 3456 692 3499 omnes
723 3441 863 3516 quatuor·
888 3432 1104 3514 personaliter
1131 3432 1288 3496 iuteresse
1313 3431 1451 3510 forsitan
1486 3445 1537 3488 110ss

433 3544 581 3626 possetis,
598 3550 665 3606 tres
684 3548 837 3620 uestrum,
863 3547 896 3603 et
922 3541 948 3602 si
977 3561 1041 3604 non
1067 3545 1143 3618 trem,
1169 3539 1234 3604 duo
1252 3545 1391 3618 tantum,
1409 3540 1455 3602 ita
1468 3527 1538 3616 quod

434 3651 517 3715 alter
549 3650 777 3733 religiosorum
808 3670 848 3710 cx
877 3647 970 3710 uobis
1002 3646 1141 3726 intersit,
1173 3646 1323 3728 predicta
1351 3645 1455 3709 onmia
1481 3657 1539 3702 exe

435 3767 586 3842 quantur.
604 3757 691 3841 Quia
707 3757 747 3820 de
764 3757 912 3820 omnibus
928 3755 1075 3836 receptis
1092 3775 1149 3835 per
1162 3751 1298 3817 eundem
1308 3752 1333 3817 J
1335 3751 1465 3818 acobum
1477 3745 1540 3808 libe·

437 3869 519 3932 ratis
537 3869 636 3931 etiam
653 3873 685 3929 et
701 3864 815 3928 solutis
832 3862 873 3926 ad
889 3861 1047 3926 mandata
1072 3867 1183 3925 nostra
1209 3867 1242 3926 et
1267 3859 1401 3926 sedulas
1417 3858 1540 3938 signatas

437 3975 613 4058 signaculis
630 3973 761 4037 illorum
779 3971 834 4052 qui
851 3975 956 4051 eruut,
981 3991 1054 4033 oum
1081 3970 1228 4033 volumus
1253 3988 1364 4032 eoram
1389 3956 1538 4045 Magistris

435 4083 669 4151 Rationalibus
694 4082 817 4161 Magne
844 4077 949 4158 Regio
976 4077 1093 4156 (luris,
1117 4083 1217 4158 prout
1249 4074 1310 4138 sibi
1337 4067 1539 4140 commictitur,

436 4193 567 4259 finalem
584 4201 616 4256 et
633 4189 778 4254 debitam
796 4207 917 4269 ponere
934 4186 1103 4250 rationem.
1121 4185 1246 4248 Datum
1272 4180 1411 4264 Neapolj
1428 4197 1478 4260 per
1490 4189 1542 4234 ma

438 4321 499 4364 nus
516 4307 575 4364 etc.
593 4300 645 4363 die
661 4294 783 4367 VIIII.
802 4291 1005 4376 Septembris
1022 4289 1139 4359 VIIII.
1156 4287 1352 4354 indictionis

547 4467 582 4525 (A
599 4464 736 4527 »Registri
751 4459 900 4524 Angioini«
910 4461 940 4506 Ε.
951 4457 1111 4520 ἳ8.εΖ.Βθς.
1128 4454 1217 4508 Maris
1230 4453 1320 4503 Jerus.
1335 4449 1389 4500 Sic.
1402 4452 1429 4498 et
1441 4439 1544 4513 unguis

439 4557 546 4622 Regiae
565 4555 707 4631 kdtetebltl
728 4553 854 4614 15.lev.;
874 4564 899 4598 u.
914 4553 950 4611 ο.)

923 4691 991 4702 ιι--η-
999 4689 1084 4700 ann—n-
