3170 5234
408 309 472 372 154
757 327 995 376 nmnnrnczrai
1012 317 1179 376 nnnnnnn.

402 487 497 552 dictis
514 483 693 568 Capellano
709 493 741 550 et
757 486 873 552 alerien
890 487 977 552 dicte
994 487 1120 570 Regina
1138 489 1283 570 Vngarie
1294 509 1354 572 pro
1368 490 1508 556 faciendir

402 595 522 660 serrari
538 591 695 678 (fourrer)
727 595 825 658 dietis
857 594 946 658 robis
977 615 1088 660 earum
1120 603 1153 661 et
1183 596 1328 679 ipsorum
1353 597 1508 664 cuiuslibet

403 723 525 768 cannas
541 703 593 770 IV
617 703 766 786 predicto
787 703 839 766 die
856 703 988 768 ibidem.

510 809 595 874 Item
612 810 769 875 debentur
786 808 892 874 eidem
908 811 1082 876 mercatori
1099 832 1159 894 pro
1178 813 1289 876 cannis
1300 809 1389 878 VIII
1407 813 1508 877 canel-

404 917 462 980 lini
478 914 643 1002 (chalone)
660 917 776 1000 emptis
792 917 834 981 ab
861 938 898 982 eo
924 915 968 980 ad
993 917 1153 982 rationem
1178 918 1219 983 de
1242 916 1370 983 tarenio
1385 916 1439 982 XI
1461 936 1509 1000 per

406 1044 546 1090 cannam
563 1025 657 1090 uncie
673 1023 721 1088 ΙΙ.
741 1022 848 1088 tareni
863 1021 1040 1088 XXVIII.

512 1134 595 1198 Item
613 1153 673 1216 pro
689 1133 802 1196 cannis
819 1129 879 1196 IV.
904 1131 1089 1196 blancheite
1120 1131 1163 1202 de
1186 1131 1282 1215 Ypra
1308 1133 1512 1198 adrationari

405 1240 446 1304 de
463 1240 584 1304 tarenis
609 1237 685 1303 XII
710 1260 768 1320 per
785 1259 922 1303 cannam
939 1238 1033 1302 vncia
1060 1261 1123 1304 vna
1147 1241 1254 1304 tareni
1270 1237 1408 1308 XVIII.

510 1346 682 1430 Panniipei
696 1346 827 1412 liberati
844 1346 974 1410 suntad
989 1346 1177 1411 mandatum
1194 1345 1336 1429 Regium
1352 1345 1444 1410 fratri
1459 1343 1513 1410 Ba·

407 1454 480 1519 silio
496 1458 531 1518 et
545 1453 791 1519 fratriFabiano
823 1451 864 1515 de
889 1448 1015 1517 Ordine
1031 1452 1206 1531 Minorum,
1231 1451 1418 1537 Capellanie
1446 1455 1515 1519 eius·

409 1561 485 1626 dem
502 1561 630 1625 domine
662 1560 789 1642 Regine
806 1580 864 1643 pro
881 1559 969 1623 robis
1001 1579 1111 1626 eornm
1136 1560 1264 1626 donatis
1296 1562 1342 1628 eie
1372 1582 1431 1645 per
1453 1581 1516 1625 enn-

409 1668 482 1734 dem
516 1667 679 1732 dominnm
695 1668 819 1750 Regem
836 1665 949 1730 eodem
967 1666 1018 1730 die
1035 1665 1165 1733 ibidem.

517 1829 553 1892 (Α
568 1830 651 1896 ›Reg.
666 1829 814 1894 AngioinI«
829 1829 863 1876 X.
875 1834 936 1879 230.
946 1843 982 1877 ez.
993 1828 1060 1894 Reg.
1072 1829 1170 1878 Karoli
1182 1829 1287 1880 Illum.
1297 1833 1350 1880 etc.
1364 1835 1404 1882 13.
1417 1832 1442 1890 1.,
1453 1843 1477 1879 n.
1485 1828 1514 1888 a.)

907 2008 1047 2015 -.---—-

518 2189 564 2254 Et
579 2189 706 2269 relique
723 2209 825 2253 aenne
850 2187 998 2253 vndeeim
1022 2187 1123 2270 ipsius
1148 2185 1277 2252 cendati
1300 2187 1439 2254 liberate
1454 2189 1516 2253 sunt

405 2295 447 2358 ad
464 2295 651 2359 mandatum
667 2294 817 2378 Regium,
833 2295 873 2360 de
889 2294 1008 2376 quibus
1025 2316 1082 2377 per
1098 2294 1235 2359 eundern
1250 2292 1447 2360 talliatorem
1461 2293 1515 2358 for·

405 2408 513 2466 ratum
528 2400 592 2466 snit
608 2401 651 2466 ad
666 2401 827 2485 porfilium
853 2401 1096 2484 supertunieale
1120 2423 1218 2466 vnum
1245 2422 1318 2466 eum
1334 2402 1446 2480 aenda,
1460 2399 1516 2463 fer·

405 2517 473 2574 tum
490 2529 548 2591 per
564 2530 637 2573 eum
654 2509 694 2573 ad
713 2531 794 2592 opus
826 2509 956 2573 domine
981 2507 1109 2590 Regine
1133 2506 1282 2590 Vngarie
1308 2508 1426 2573 sororis
1443 2507 1513 2572 eius-

405 2616 479 2685 dem
495 2615 617 2680 domini
631 2613 733 2698 Regis
749 2637 808 2698 pro
824 2619 975 2697 presente
990 2621 1096 2680 estate
1111 2613 1152 2680 de
1167 2613 1340 2680 camellotn
1356 2613 1458 2680 celeri.

837 2777 881 2839 (U.
895 2793 919 2826 o.
938 2780 978 2826 16.
993 2776 1058 2838 lev.)

890 2958 930 2965 -—
936 2955 1047 2966 ...φ-..ιη-

937 3177 1000 3236 192

405 3334 554 3400 Erzae'bet
579 3335 695 3399 Maria
720 3335 849 3398 sicilicet
873 3333 1097 3420 kirrinae'ank
1123 3333 1236 3412 addere
1263 3330 1515 3418 Maqyarorazdff

718 3441 768 3504 bet
786 3437 951 3506 Siciliam
967 3441 1106 3504 e'rkezilr.
1126 3441 1220 3504 1300.

496 3603 560 3667 Die
575 3601 640 3669 IX.
657 3601 799 3666 eiusdem
811 3597 911 3684 (Julij
930 3599 1034 3663 XIII.
1050 3598 1243 3664 indictionis
1258 3597 1380 3664 ibidem
1389 3597 1512 3662 liberata

406 3717 482 3777 eunt
498 3711 541 3776 ad
557 3710 745 3775 mandatum
765 3709 905 3790 Regium
932 3707 1030 3772 fratri
1055 3706 1220 3789 Stephane
1246 3705 1286 3770 de
1303 3706 1428 3774 Ordine
1451 3702 1516 3766 Pre-

406 3821 598 3900 dicatornm‚
625 3814 804 3900 Capellano
824 3822 857 3880 et
875 3814 1031 3880 familiari
1057 3815 1163 3898 Regio
1180 3813 1278 3877 misso
1295 3833 1354 3896 per
1370 3811 1516 3877 dominun

404 3929 520 4011 Regen
536 3924 623 4008 apud
640 3921 898 3989 Manfridoniam
914 3922 958 3986 ad
974 3942 1120 3987 sororem
1136 3919 1265 3985 domine
1280 3919 1406 4002 Regiae
1422 3913 1515 3983 Sicilie

404 4036 535 4100 nouiter
552 4034 592 4098 de
608 4032 756 4114 partibus
792 4029 939 4112 Vngarie
972 4030 1159 4093 venientem
1191 4048 1264 4092 eum
1295 4027 1399 4091 literis
1429 4022 1515 4107 ipsius

403 4142 526 4207 domini
542 4161 603 4222 pro
621 4138 772 4220 expensis
790 4139 866 4217 suia,
882 4138 973 4200 vnins
990 4136 1068 4218 eocij
1087 4137 1165 4214 eius,
1190 4153 1347 4216 equorum
1363 4139 1396 4198 et
1410 4127 1516 4196 familie

405 4271 460 4315 sue
476 4246 635 4311 faciendis
650 4245 684 4309 in
700 4247 770 4327 ipso
803 4243 913 4327 riagio
930 4245 964 4307 in
983 4241 1143 4308 carolenis
1160 4241 1289 4324 argenti
1305 4243 1398 4306 vneie
1412 4247 1480 4303 trae.

516 4408 552 4472 (A
576 4409 659 4473 ›Reg.
672 4407 823 4472 Angioini«
846 4407 879 4458 X.
895 4408 955 4456 235.
969 4421 1006 4456 sz.
1018 4405 1087 4468 Bag.
1100 4403 1199 4454 Keroli
1213 4403 1321 4456 1Lk6t.
1343 4408 1366 4454 8.
1380 4403 1406 4464 1.,
1418 4415 1443 4450 n.
1456 4393 1486 4462 ο.)

896 4537 1055 4548 -———-—
