3174 5236
577 257 672 318 1290.
1146 249 1186 314 73

77 429 121 510 ris,
130 431 172 495 vel
182 452 296 494 eornm
311 452 370 495 seu
381 431 518 495 alicuius
529 450 640 493 eorum
651 425 805 508 dominio,
816 430 872 494 sed
889 449 944 494 eos
958 451 1068 494 omues
1079 437 1111 495 ct
1123 431 1185 494 sin-

78 537 153 620 gulos
172 539 204 601 in
221 537 369 620 personis
385 544 419 602 et
434 538 529 603 rebus
546 537 663 600 tamin
680 536 762 600 mori
777 558 877 618 quam
891 537 923 600 in
941 538 1036 602 terris
1060 538 1126 602 suis
1152 546 1185 601 et

79 645 120 709 sui
144 643 273 710 dominii
287 643 423 710 habebit
439 644 547 708 saluos
564 649 597 708 et
613 664 754 708 securos
781 639 932 708 Ceterum
949 644 976 709 si
1001 645 1105 710 dictus
1130 645 1187 708 do-

79 753 168 816 rni'nus
183 750 300 817 Comes
318 749 479 835 Georgius
495 752 621 816 veniret
650 751 810 818 Venccias
826 754 996 818 occasione
1022 753 1118 818 cundi
1145 755 1187 818 ed

81 861 185 924 curiam
200 859 324 925 domiui
339 859 506 944 Peperci
524 859 589 924 elia
604 861 784 943 occasione,
801 858 908 926 dictus
933 860 1083 926 dominns
1109 860 1185 925 Dux

80 988 128 1049 per
141 989 171 1033 se
186 973 218 1032 et
233 967 398 1051 predictos
414 988 489 1032 suos
505 966 641 1032 hebebit
657 975 690 1032 et
705 967 820 1032 heberi
836 967 936 1032 faciet
951 989 1023 1033 eum
1036 991 1107 1034 cum
1126 990 1185 1032 sue

79 1074 216 1139 comitiua
231 1075 266 1138 in
290 1075 437 1158 personis
462 1079 496 1138 et
520 1074 618 1139 robus
645 1075 771 1138 saluum
797 1079 830 1139 et
854 1097 1001 1140 securum
1027 1074 1187 1141 Venecies

80 1181 224 1263 veniendo,
240 1180 368 1261 stando,
384 1182 490 1247 eundo
506 1188 538 1246 et
563 1181 741 1246 redeundo.
769 1183 816 1246 Et
839 1183 873 1246 in
899 1183 1016 1246 horum
1041 1182 1137 1247 fidem
1154 1188 1186 1245 ot

80 1288 262 1352 euidenciem
276 1289 454 1371 pleniorem
473 1288 578 1353 dictus
595 1289 744 1353 dominus
762 1290 839 1353 Dux
864 1311 998 1372 presens
1025 1289 1186 1373 publicum

80 1395 310 1460 instrumentum
328 1417 387 1460 sue
403 1395 495 1461 boile
511 1396 665 1480 plumbea
674 1399 865 1461 communiri
877 1399 1056 1462 mandauit.
1068 1402 1188 1461 Actum

80 1502 240 1567 esthociu
256 1502 345 1567 felici
375 1502 458 1566 urbe
483 1501 710 1584 Venecierum‚
742 1504 774 1567 in
807 1502 916 1569 ducali
948 1503 1076 1587 palacio
1107 1525 1192 1568 auno

79 1609 259 1676 Natiuitatis
276 1609 409 1675 Domini
425 1612 529 1674 nostri
545 1609 569 1674 J
571 1631 627 1676 esu
644 1609 769 1676 Christi
782 1619 930 1676 currente
946 1612 1118 1676 millesimo
1135 1611 1192 1675 du-

79 1719 237 1787 centesimo
252 1719 473 1799 nonagesimo,
488 1719 663 1784 indictione
680 1721 791 1784 tercia.

169 1827 241 1908 Ego
258 1824 396 1891 Ziliolus
412 1825 452 1890 de
469 1825 605 1890 Xonino
622 1825 790 1908 imperiali
818 1827 1015 1891 auctoritate
1031 1825 1192 1892 Notarius

81 1931 221 1999 Publicus
247 1939 279 1997 et
302 1931 452 1998 Ducutus
477 1931 693 2000 Veneciarum
721 1933 837 1999 Scribe
863 1933 1016 2018 predictis
1044 1934 1192 1998 omnibus

81 2039 209 2122 interfui,
226 2047 259 2106 et
275 2047 446 2124 rogetusa
472 2042 620 2124 partibus
647 2042 844 2126 supradictis
870 2043 1018 2125 prodicta
1043 2043 1193 2123 scribere,

80 2147 179 2230 scripsi
195 2153 228 2212 et
243 2148 418 2231 publicani.

173 2327 316 2388 (Eredetie
330 2327 504 2390 borhtrtysn
516 2343 533 2376 e
546 2329 688 2380 velenczei
701 2343 775 2392 negy
790 2327 983 2388 teveltdrbrm.)

556 2507 592 2514 ...-

608 2635 659 2694 88.

114 2791 232 2856 Kocma
249 2791 356 2877 tfjabb
373 2786 521 2855 Erzsc'bet
538 2815 678 2878 ¹irropyor·
695 2791 918 2876 kirdlyndoolc
935 2795 1047 2857 rovere.
1069 2797 1160 2858 1290.

177 2966 300 3033 Cosma
325 2967 501 3033 Lombardi
538 2970 578 3032 do
605 2967 765 3050 Vugarin,
796 2972 932 3045 nuncius
964 2977 997 3034 et
1027 2969 1198 3033 familiaris

85 3072 212 3140 Isebelle
238 3072 367 3155 Regino
384 3071 531 3158 Vngarie
557 3077 679 3140 sororis
706 3075 818 3140 Caroli
843 3075 897 3159 11„
922 3078 1019 3142 hebet
1039 3099 1099 3160 pro
1117 3097 1151 3140 se
1167 3080 1200 3139 ct

84 3179 246 3247 heredibus
263 3181 330 3247 suis
346 3182 459 3246 unciae
475 3183 547 3247 auri
563 3183 734 3248 duodecim
750 3204 835 3248 enno
846 3185 1001 3268 quolibet.
1012 3181 1110 3250 XVI.
1122 3181 1200 3264 Sep·

85 3285 207 3352 tembris
223 3285 292 3350 111.
309 3287 494 3353 indictione.

179 3467 214 3528 (Δ
240 3433 385 3530 »Registri
407 3465 558 3530 Augioinit
583 3469 610 3516 Ο.
635 3468 680 3530 (Β)
709 3473 750 3518 50,
765 3484 800 3517 sz.
815 3470 882 3532 Reg.
897 3471 994 3521 Kuroli
1006 3471 1042 3519 11.
1057 3467 1202 3518 kdtetebdl

86 3557 138 3602 369.
152 3557 212 3617 len,
225 3571 260 3604 az
273 3555 348 3608 clauc
361 3557 413 3606 kir.
426 3557 539 3607 Grande
554 3558 745 3607 Archiviobou
759 3559 933 3622 Nrtpolyhon.

614 3867 664 3925 89.

86 4004 221 4072 Bencdclc
239 4010 273 4072 e's
290 4008 403 4072 End-rc
421 4009 553 4072 Martell
571 4009 708 4093 Koiroly,
725 4011 757 4073 e‘c
786 4013 892 4094 ortyjo
910 4009 1025 4072 Morio
1052 4006 1205 4090 lcii-olym

21 4115 39 4145 ·’
514 4115 642 4180 kdvctcr'.
663 4117 755 4180 1290.

182 4260 302 4358 Saiuus
334 4291 513 4357 conductus
550 4315 610 4376 pro
636 4291 814 4358 Benedicto
840 4301 873 4356 et
906 4289 1041 4356 Andrea
1065 4290 1206 4373 Nuncijs

86 4394 248 4484 Magnifici
263 4401 427 4486 Principis
444 4401 547 4484 Regis
564 4399 713 4484 Vngarie
729 4409 762 4466 et
789 4401 934 4465 Illustris
951 4399 1075 4484 Regino
1092 4400 1216 4471 matris.
