3170 5234
417 324 479 387 168
492 313 494 316 ’
778 337 1012 382 nrruousczrur
1029 324 1196 382 runt-:unm

415 505 531 582 posset.
557 495 792 561 Promittentes
818 519 957 578 nemque
985 497 1047 579 ipsi
1080 517 1189 560 omnes
1222 495 1261 558 de
1293 493 1439 578 prefecto
1456 475 1542 561 Con-⁶

415 607 487 670 silio
520 605 678 687 solempni
704 603 923 686 stipulatione,
948 627 1007 687 per
1033 623 1067 666 se
1098 610 1131 667 et
1161 604 1347 667 uniuersum
1363 599 1540 668 Commune

361 715 365 724 ’
417 711 546 795 Segnie‚
580 719 614 777 et
645 734 704 795 per
736 734 769 776 se
797 717 830 776 et
867 735 941 777 suos
976 713 1141 795 ipsiusque
1176 709 1396 776 Comunitetis
1435 711 1543 794 prefu-

413 827 505 886 turos
530 821 668 885 heredes
703 827 737 885 et
770 827 927 903 posteros,
952 819 1138 901 obseruare,
1169 819 1338 884 attendere
1370 841 1409 884 ec
1440 818 1542 883 edim-

415 929 514 1011 piere‚
540 935 573 992 et
596 929 692 993 firme
717 933 750 992 et
776 932 850 991 reta
874 932 907 992 et
923 928 1019 1010 plene
1043 927 1131 991 omni
1146 947 1273 1008 semper
1289 927 1399 1008 vigore
1415 924 1544 1007 habere,

415 1056 617 1118 quecumque
627 1034 763 1119 prefecti
772 1039 1002 1117 procuratores
1013 1037 1045 1096 et
1056 1032 1181 1114 sindici,
1192 1034 1260 1098 siue
1271 1033 1378 1115 quiuis
1388 1035 1543 1118 ipsorum,

417 1143 552 1207 iecerint
577 1143 610 1207 iu
636 1140 802 1224 predictis,
819 1147 850 1205 et
866 1162 920 1204 eos
938 1145 970 1204 et
986 1140 1165 1221 quemlibet
1180 1140 1325 1222 ipsorum
1341 1141 1496 1223 relevere,
1511 1148 1544 1206 et

418 1272 493 1316 suos
516 1248 654 1314 heredes
685 1248 727 1312 ab
756 1249 841 1311 omni
873 1248 990 1310 honere
1018 1244 1252 1311 satisfactionis
1272 1252 1306 1310 et
1331 1247 1371 1312 de
1396 1247 1542 1313 iudicato

416 1357 580 1436 soluendo,
590 1362 624 1419 et
635 1375 829 1419 conseruere
845 1353 968 1436 iugiter
985 1355 1053 1418 sine
1070 1351 1221 1437 dampno,
1238 1359 1272 1418 et
1286 1354 1377 1418 nullo
1393 1377 1540 1437 unquam

416 1467 562 1547 tempore
590 1460 812 1526 contrafacete
838 1461 948 1544 aliquo
973 1460 1115 1543 ingenio,
1141 1459 1256 1525 fraude
1281 1460 1330 1525 vel
1357 1484 1457 1527 causa
1484 1464 1542 1529 sub

415 1571 578 1652 ypoteche
588 1577 620 1634 et
631 1569 831 1652 obligatione
842 1569 985 1633 omnium
1010 1569 1167 1634 bonorum
1185 1567 1287 1650 ipsius
1303 1567 1495 1636 Communis
1513 1579 1546 1637 et

417 1675 652 1744 Vniuersitatis
664 1673 783 1756 Segnie
798 1675 996 1759 presentium
1013 1682 1045 1741 et
1063 1673 1255 1739 futurorum.
1272 1675 1315 1740 In
1330 1679 1423 1741 cuius
1438 1680 1488 1742 rei
1503 1678 1544 1742 nd

417 1784 573 1850 maiorem
586 1784 746 1848 cautelam
758 1787 791 1847 et
801 1783 1024 1848 testimonium
1036 1783 1202 1848 efficacius
1223 1785 1386 1848 iusserunt
1396 1785 1462 1868 ipsi
1482 1807 1543 1850 om-

417 1915 474 1958 ues
486 1891 526 1956 de
537 1891 664 1976 prefato
677 1890 822 1955 Consilio
832 1889 908 1954 huic
918 1892 1134 1955 instrumente
1147 1892 1266 1974 apponi
1277 1889 1542 1973 ipsiuonmmu·

417 1998 658 2080 nitetisSegnie
668 1999 811 2080 pendens
822 1996 1097 2081 sigillummctum
1109 1998 1140 2062 in
1153 1997 1299 2080 predicto
1310 1999 1382 2063 loeo
1393 2006 1542 2082 presente

417 2108 520 2174 nobili
548 2108 618 2171 viro
641 2105 771 2170 domino
796 2103 912 2169 Marco
939 2105 1084 2170 Michnei
1111 2104 1151 2168 dc
1177 2105 1325 2172 Venetiis
1351 2107 1384 2170 in
1412 2105 1542 2190 Segnia,

420 2216 550 2281 domino
576 2212 677 2278 Petro
696 2211 839 2277 Ciureno
856 2219 889 2276 et
904 2211 1057 2277 Johenne
1075 2211 1198 2276 Coredi
1214 2218 1246 2276 et
1262 2213 1445 2278 Laurentio
1463 2215 1542 2278 Ber-

418 2324 529 2390 barico
556 2322 596 2385 de
621 2319 778 2398 Venetiis‚
804 2320 935 2384 domino
951 2317 1128 2383 Frederieo
1146 2319 1186 2382 de
1202 2320 1437 2401 Meretiuusso,
1454 2323 1540 2386 Zone

419 2431 459 2496 de
484 2429 682 2511 Nosorogna
708 2429 747 2492 (le
757 2428 887 2508 Jedrie,
897 2434 929 2492 et
946 2428 1112 2509 Magistro
1129 2427 1363 2494 Bartholomeo
1379 2429 1540 2496 Barberio

422 2538 461 2604 de
477 2537 594 2602 Pudua
610 2543 642 2600 et
657 2536 739 2600 aliis.

529 2645 602 2725 Ego
631 2643 765 2708 Murcus
794 2640 1281 2726 MichaelViceriusinSegnie
1307 2667 1439 2709 inanum
1465 2644 1540 2709 misi.

525 2751 597 2834 Ego
614 2749 831 2816 Vice-Oomes
858 2749 996 2814 Rnduho
1013 2751 1200 2816 exzmrineui
1217 2758 1250 2815 et
1265 2773 1395 2816 menum
1414 2753 1495 2816 misi.

527 2858 599 2940 Ego
615 2856 724 2923 Judex
739 2856 845 2921 Moise
862 2857 1066 2922 examinator
1081 2880 1211 2923 menum
1227 2860 1310 2924 misi.

527 2966 600 3046 Ego
623 2966 740 3029 Petrus
760 2963 799 3028 de
817 2962 1015 3047 Scerepizzn
1041 2965 1406 3050 Veglensis,1mperiali
1424 2969 1540 3034 Aucto-

419 3073 517 3139 ritate
542 3077 574 3136 et
591 3070 710 3154 Segnie
719 3070 878 3136 Notarius
894 3071 1051 3156 predictis
1066 3072 1201 3137 interfui
1218 3077 1250 3138 et
1267 3074 1382 3158 scripsi
1399 3082 1537 3160 rogetus.

419 3179 474 3267 (P.
490 3179 550 3266 H.)

528 3342 670 3407 (Egykoru
680 3341 793 3408 jegyztti
807 3342 894 3392 atttrat
909 3359 926 3392 e
939 3344 1079 3394 veleuczei
1092 3360 1164 3410 nngy
1178 3344 1372 3408 leveltrirben.)

902 3471 1060 3480 -—-—-..

949 3599 1022 3662 212.

423 3755 472 3818 u.
492 3757 615 3842 meory
640 3756 771 3821 sicerae·
796 3759 909 3844 reete
928 3763 992 3823 100
1007 3783 1115 3846 many
1131 3764 1242 3826 unse
1259 3763 1369 3826 renen
1387 3765 1439 3826 eet
1451 3762 1538 3847 ezer·
1576 3835 1578 3864 1

782 3866 834 3930 sot
850 3867 912 3930 Pel
929 3869 1067 3932 tenuat.
1095 3871 1190 3933 1302.

529 4039 651 4104 Paulus
669 4039 781 4107 Benus
801 4040 995 4108 Oroatorum
1012 4065 1071 4127 pro
1090 4045 1232 4128 seruitijs
1249 4047 1397 4127 prestitis
1413 4048 1536 4112 maxime
1576 4021 1577 4030 ἵ

421 4148 455 4211 in
471 4149 699 4230 prosecutione
716 4150 839 4232 negotij
850 4149 958 4232 Regni
968 4151 1116 4235 Vngerie
1132 4153 1248 4217 hebuit
1263 4155 1376 4220 uncias
1393 4157 1462 4221 nuri
1478 4175 1537 4218 cen-

422 4262 493 4320 tum
511 4276 644 4320 annues.
662 4255 779 4322 XVII.
797 4255 822 4321 J
824 4257 882 4340 ulij
899 4259 977 4326 XV.
993 4260 1187 4325 indictionis.

530 4400 565 4460 (Δ
580 4399 664 4466 »Reg.
676 4399 829 4466 Aeginium
843 4401 873 4452 B.
890 4406 948 4453 120.
963 4418 1000 4453 ez.
1026 4407 1093 4468 Reg.
1119 4407 1338 4462 Karoli11.k6t.
1353 4412 1412 4459 133.
1433 4408 1490 4467 lev..
1509 4417 1535 4452 ³2

422 4470 499 4521 olane
511 4469 563 4523 kir.
579 4473 688 4523 Grande
702 4473 887 4523 Archivioben
903 4476 1088 4540 Nepolyben.)

907 4637 979 4644 -a--—
1031 4638 1067 4645 -ι
