3234 5238
359 399 400 462 22
710 407 944 452 urnnouuczmi
971 393 1142 450 arrianas.

356 570 579 641 Transiluano
595 573 629 631 et
645 565 817 633 Sclauonie
844 571 878 630 et
893 564 1034 630 Domino
1060 562 1291 642 Cumanorum,
1317 561 1491 628 Catholico

359 688 395 746 ct
411 677 600 744 fidelissimo
617 673 740 740 Sancte
756 671 908 737 Romane
933 670 1076 736 Eulesie,
1100 671 1147 736 Et
1171 675 1206 736 vt
1221 667 1380 752 predicta,
1394 677 1495 754 prout

359 789 393 854 in
410 787 535 853 lictoris
552 785 619 848 suis
636 789 669 846 et
685 781 806 846 nostris
823 779 976 845 videbitis
992 777 1161 856 contineri,
1178 778 1331 842 maiorem
1349 777 1494 844 habeant

358 894 554 974 firmitatem,
571 889 701 972 requiro
718 888 842 952 dictum
871 885 1042 951 Summum
1068 884 1269 969 Pontificem,
1295 893 1329 950 et
1342 886 1492 952 dominos

360 1000 556 1070 Oardinales
573 995 767 1081 Apostolica
783 994 869 1060 Sede
884 999 1029 1075 vacante,
1045 993 1135 1075 quod
1150 993 1222 1076 ipsa
1237 1000 1336 1077 pacta
1347 994 1492 1060 debeant
1615 1017 1616 1022 ¹

362 1109 566 1188 confirmare,
581 1111 615 1170 et
638 1105 716 1169 dare
732 1104 866 1168 lieteras
893 1107 1025 1184 apertas
1043 1101 1106 1184 ipsi
1121 1099 1206 1184 Regi
1231 1099 1389 1190 Vngarie‚
1405 1103 1495 1187 qnod

362 1219 390 1283 si
406 1221 555 1299 exparte
580 1220 694 1279 nostra
717 1210 838 1293 aliquis
863 1207 1008 1274 delectus
1034 1209 1237 1289 interueniat,
1263 1209 1351 1291 quod
1376 1232 1435 1277 nos
1462 1217 1496 1276 et

362 1325 446 1390 lilios
462 1327 600 1403 nostros,
616 1327 650 1384 et
665 1339 774 1384 omnes
791 1317 847 1400 qui
871 1338 931 1400 pro
947 1316 1042 1381 nobis
1058 1316 1222 1398 iurabunt,
1238 1319 1498 1383 excommunica·

363 1432 451 1513 bitis,
467 1403 500 1496 et
515 1437 620 1496 totum
637 1426 788 1508 Regnum
813 1430 960 1489 nostrum
988 1425 1176 1507 supponatis
1208 1426 1430 1491 ecclesiastico
1447 1427 1496 1491 in-

365 1539 526 1619 terdicto;
551 1542 585 1602 et
611 1556 679 1615 nos,
705 1539 738 1598 et
754 1531 849 1614 filios,
873 1538 907 1597 et
922 1532 1086 1596 iuratores
1111 1538 1241 1598 nostros
1272 1532 1426 1599 tenebitis
1442 1555 1497 1599 ex·

365 1644 628 1725 communicatos,
661 1647 695 1706 et
724 1640 874 1722 Regnum
905 1645 1055 1704 nostrum
1086 1639 1305 1719 interdictum,
1321 1640 1424 1706 donec
1440 1641 1493 1706 ad·

365 1752 611 1838 impleuerimus
626 1749 698 1832 ipsa
713 1753 821 1830 pacta.
838 1747 880 1812 In
896 1747 987 1812 cuius
1003 1747 1052 1811 rei
1078 1747 1301 1812 testimonium
1326 1753 1497 1831 presentes
1614 1773 1616 1778 ¹

366 1861 502 1926 lieteras
517 1855 589 1922 fieri
606 1861 639 1920 et
654 1853 763 1938 sigillo
780 1853 966 1920 Maiestatis
998 1853 1121 1920 Nostra
1136 1854 1278 1919 luximus
1294 1856 1498 1921 communiri.

366 1967 491 2033 Datum
508 1961 622 2031 Mellie
639 1961 745 2028 XIII.
762 1960 965 2044 Septembris
982 1960 1087 2026 XIIL
1113 1960 1299 2028 indictionis
1315 1967 1375 2028 etc.

475 2111 512 2174 (A
527 2109 666 2175 »Registri
680 2108 829 2174 Angioini‹
845 2113 879 2160 υ.
893 2113 917 2157 6.
930 2124 969 2161 sn.
987 2109 1072 2174 »Reg
1094 2109 1191 2159 Karoli
1204 2110 1227 2161 Ι.
1247 2109 1339 2159 enimn
1354 2109 1501 2159 kctctsnol
1614 2159 1616 2166 ,

370 2207 411 2253 89.
426 2203 464 2266 l.;
484 2216 510 2252 u.
531 2203 568 2262 o.)

859 2306 1011 2315 ---..--·.·

910 2507 959 2568 19.

370 2630 396 2692 Ι.
421 2629 548 2714 Kciroly
570 2627 698 2692 sicilici
730 2628 843 2714 birdly
875 2629 1003 2694 Beroc't
1036 2631 1164 2695 cusiaci
1187 2636 1312 2715 apcitot,
1336 2627 1501 2696 Ourbaroi
1614 2631 1616 2702 ἔ

372 2736 633 2814 [trucidabitis
658 2735 792 2799 Braiioi
814 2736 940 2800 Berodt
964 2749 1091 2802 meatcrt
1114 2739 1385 2824 tcljbotalommal
1409 2739 1504 2803 lodoc-
1614 2771 1616 2838 ἶ

372 2843 484 2907 tclcaclt
508 2842 602 2906 totas
626 2840 938 2927 Maqyarorszdpba,
956 2867 996 2908 aa
1022 2845 1134 2908 latmia
1151 2866 1291 2930 meppea·
1316 2845 1505 2932 airstytyat
1615 2845 1616 2908 ἦ

609 2948 743 3014 kdteudd
776 2952 930 3033 azdodalp
948 2952 1140 3036 tdrpydbau.
1166 2954 1261 3016 1269.
1614 2955 1616 2966 ⁴

393 3153 396 3161 ¹
478 3124 625 3191 Karalus
646 3130 707 3191 etc.
734 3125 895 3190 uniuersis
920 3125 1071 3193 fidelibus
1098 3128 1246 3196 Eccleeie
1272 3134 1331 3194 etc.
1356 3149 1416 3211 per
1443 3128 1505 3196 has

372 3238 524 3319 patentes
540 3232 673 3298 lieteras
689 3232 837 3297 omnibus
853 3231 999 3298 volumus
1016 3255 1086 3300 esse
1097 3241 1209 3300 notum
1218 3243 1286 3302 tam
1296 3236 1507 3320 presentibus
1615 3241 1616 3306 ξ

373 3363 471 3426 quam
487 3341 615 3422 futuris,
633 3339 721 3421 quod
738 3361 796 3404 nos
823 3340 1019 3406 confidentes
1044 3343 1085 3407 de
1110 3345 1287 3426 prudentia
1302 3345 1505 3412 venerabilis

375 3453 410 3512 et
434 3447 579 3530 religiosi
610 3446 671 3511 viri
701 3443 866 3523 Be'rnardi
896 3445 1041 3514 Abbatis
1074 3448 1275 3516 honorabilis
1306 3451 1506 3537 Monasterij
1614 3507 1616 3514 ,

375 3549 593 3636 (laminensis,
609 3558 642 3617 et
657 3552 778 3619 nobilis
795 3554 938 3624 Baronis
954 3553 1076 3621 Amelii
1103 3556 1275 3639 Curbmio,
1299 3565 1334 3624 et
1348 3557 1508 3642 Magistri

374 3659 540 3726 Bernardi
556 3661 597 3725 de
612 3659 738 3741 Brulio,
753 3661 947 3728 dilectorum
963 3661 1172 3731 familiarium
1189 3665 1463 3734 consiliariorum
1474 3671 1509 3736 et

374 3767 520 3832 fidelium
536 3773 780 3847 nostrorumst
804 3769 933 3853 plenam
957 3769 1109 3837 fiduciam
1135 3775 1329 3858 optinentes,
1359 3773 1509 3858 facimus,

375 3875 612 3956 constituimus
640 3879 673 3939 et
689 3875 877 3941 ordinamus
895 3898 949 3942 eos
965 3887 1197 3961 procuratores
1212 3886 1342 3949 nostros
1358 3887 1392 3949 et
1406 3905 1509 3951 nunc·

376 3984 440 4049 tios
458 3981 617 4066 speciales
643 3983 686 4048 ad
712 3983 932 4064 tractandum,
949 3984 1134 4051 iaciendum
1161 3992 1195 4053 et
1218 3990 1447 4073 complendum
1465 3991 1510 4057 ad
1614 4067 1616 4080 ε

375 4087 532 4155 honorem
547 4090 613 4156 Dei
629 4097 664 4157 et
679 4089 799 4157 Sancte
815 4090 963 4157 Romane
978 4093 1126 4160 Ecclesie
1141 4113 1145 4119 ·
1151 4101 1250 4179 pacta
1266 4103 1300 4162 et
1315 4100 1507 4165 conuentio-
1614 4121 1616 4128 ’

373 4215 431 4259 nes
448 4196 589 4262 amicitie
605 4196 750 4281 perfecte
767 4203 801 4262 et
815 4197 966 4280 valentio,
983 4200 1200 4268 etiuuaminis
1211 4203 1251 4269 de
1267 4227 1333 4271 nno
1343 4205 1510 4290 adalium,
1614 4187 1616 4270 J

375 4321 447 4366 oum
464 4303 639 4386 Magnifice
656 4310 690 4370 et
704 4305 832 4370 illustri
849 4305 1004 4392 Principe
1015 4308 1144 4374 domino
1162 4307 1332 4397 Stephano
1349 4313 1412 4380 Dei
1428 4337 1506 4400 gra-
1614 4315 1616 4366 j

378 4405 425 4470 tia
440 4405 532 4490 Rege
548 4409 706 4492 Vngarie,
722 4410 814 4477 Duce
831 4412 1051 4483 Transiluano
1067 4423 1101 4482 et
1116 4417 1260 4486 Domino
1272 4418 1509 4502 Cumanorum,

374 4510 550 4579 karissimo
581 4515 684 4581 amico
711 4525 832 4599 nostro,
868 4527 1083 4606 propterque
1116 4546 1176 4590 nos
1210 4532 1381 4596 teneamur
1398 4533 1510 4616 ipsum
1615 4547 1616 4550 ’
