3222 5240
351 265 415 340 342
709 293 945 340 n1rnonnczrnr
963 284 1129 340 surtbnnn.

350 461 462 520 mento
476 455 642 537 astrictus
660 459 811 520 teneatur
827 459 862 518 et
878 455 998 520 debeat
1024 461 1176 520 excutere
1210 455 1315 523 dictos
1332 457 1480 524 denarios

351 585 371 630 a
389 561 627 629 mercatoribus
643 559 798 628 Dominio
815 571 925 628 nostro
951 561 1100 646 predicto
1125 562 1337 648 solventibus,
1354 571 1388 630 et
1410 565 1482 631 illos

353 690 566 756 congregare,
582 691 621 736 ac
637 667 801 738 Venecias
817 667 959 736 fideliter
975 675 1009 736 et
1025 670 1150 738 solicite
1166 671 1298 739 mittere
1314 670 1358 738 ad
1375 693 1484 738 manus

355 779 560 846 dominorum
576 777 785 845 Provisorum
796 776 999 859 Communis,
1024 780 1141 863 quibus
1166 801 1225 863 per
1240 778 1430 847 Domiuinm
1445 783 1484 846 sit

352 885 569 970 commissum,
596 885 684 968 quod
715 886 799 950 sicut
824 891 857 950 et
882 886 1015 969 quando
1038 885 1153 952 melius
1179 887 1305 953 videret
1320 888 1482 972 expedire,

353 994 429 1061 illos
460 994 612 1062 denarios
644 994 774 1062 solvant
804 995 952 1078 predicto
985 995 1116 1062 domino
1132 993 1274 1062 Nicolao
1291 993 1412 1062 Brioso
1427 1016 1483 1080 pro

355 1103 570 1170 subventione
588 1103 636 1169 sui
653 1101 796 1186 dampni,
828 1103 873 1168 sic
889 1103 1121 1187 continuando,
1138 1124 1307 1188 quousque
1324 1103 1414 1170 dicto
1429 1124 1482 1170 no·

355 1210 414 1276 bili
431 1210 472 1276 de
488 1211 560 1294 ipso
577 1210 718 1294 dampno
736 1210 941 1277 satisfactum
966 1212 1066 1278 fuerit
1090 1211 1268 1278 secuudum
1283 1212 1484 1278 taxationem

354 1319 438 1388 iuste
448 1327 482 1386 et
492 1318 736 1386 rationabiliter
746 1316 886 1386 fiendam
903 1320 944 1386 de
960 1321 1051 1404 ipso;
1067 1327 1101 1387 et
1111 1320 1336 1387 satisfactione
1353 1321 1484 1404 dampni

356 1427 497 1512 predicti
514 1427 560 1492 sic
585 1426 682 1508 facta,
709 1435 811 1492 cesset
838 1429 902 1493 ista
927 1429 1073 1510 novitas3
1105 1433 1140 1494 et
1156 1430 1183 1494 si
1200 1429 1280 1513 quid
1296 1427 1383 1494 fors.
1400 1429 1484 1494 ultra

357 1536 559 1620 reperiretur
587 1554 765 1617 excussum,
797 1536 928 1602 restitui
959 1537 1079 1604 debeat
1118 1537 1366 1619 mercatoribus,
1402 1537 1484 1602 sicut

358 1641 459 1709 fuerit
474 1643 604 1710 iustum.
614 1641 680 1708 Per
691 1663 790 1727 quam
807 1663 941 1709 causam
959 1644 1040 1709 dicti
1055 1643 1247 1711 Provisores
1263 1650 1436 1710 teneantur
1451 1644 1484 1708 in

356 1757 515 1833 quaterno
530 1750 630 1816 scribi
647 1749 755 1815 facere
773 1757 805 1816 et
821 1751 928 1817 notari
960 1757 1066 1817 totum
1092 1751 1250 1831 ordinate,
1266 1750 1355 1836 quod
1372 1773 1411 1817 ex
1425 1751 1484 1816 boc

356 1859 489 1925 mittent
504 1856 653 1924 consules
668 1857 818 1941 predicti,
834 1864 868 1923 et
882 1864 989 1924 totum
1006 1859 1093 1942 quod
1119 1859 1245 1926 solvent
1269 1859 1374 1926 nobili
1389 1859 1484 1943 preli·

355 1969 442 2046 bato,
459 1971 493 2031 vt
510 1985 635 2049 semper
667 1964 753 2030 ratio
785 1966 889 2031 videri
914 1966 1020 2050 possit
1044 1966 1085 2032 de
1111 1965 1335 2032 satisfactione
1352 1965 1484 2048 dampni

356 2073 548 2153 huiusmodi,
565 2071 696 2156 quando
712 2071 810 2138 fuerit
829 2074 1062 2158 percompleta.
1087 2073 1173 2140 Item
1189 2081 1226 2140 ut
1241 2071 1367 2141 Consul
1381 2072 1485 2158 prefa-

357 2191 410 2249 tus
426 2181 541 2247 melius
572 2181 678 2264 possit
708 2180 741 2245 in
773 2179 897 2246 Cataro
929 2181 1037 2248 facere
1054 2188 1087 2248 et
1113 2183 1229 2266 exequi
1245 2182 1356 2248 omnia
1373 2203 1484 2265 supra·

357 2290 487 2375 scripta,
512 2294 747 2356 contentantur
778 2297 986 2372 mercatores
1017 2290 1104 2376 quod
1136 2312 1196 2375 per
1221 2289 1485 2356 Dominatiouem

356 2398 579 2464 committatur
594 2395 708 2477 eidem,
719 2417 758 2462 ac
774 2397 976 2482 precipiatur
986 2396 1046 2464 sub
1056 2397 1166 2464 debito
1184 2399 1389 2474 sacramenti,
1402 2389 1486 2481 quod

356 2505 490 2591 quando
521 2506 664 2572 condure
697 2528 753 2572 seu
786 2507 852 2572 alia
883 2509 1016 2593 navigia
1041 2514 1259 2573 mercatorum
1276 2505 1315 2571 de
1332 2506 1483 2576 Veneciis

355 2614 578 2700 applicuerint
602 2611 770 2699 Oatarum,
797 2623 949 2683 teneatur
973 2616 1085 2683 ridere
1112 2623 1145 2682 et
1160 2616 1348 2682 examinare
1364 2635 1484 2682 merca·

354 2724 464 2790 tiones
496 2723 639 2790 condure
671 2729 706 2788 et
736 2724 942 2810 navigiorum
968 2724 1141 2804 dictorum,
1157 2730 1191 2790 et
1218 2724 1361 2790 scribere
1386 2745 1437 2789 res
1454 2732 1485 2788 et

356 2832 571 2898 mercationes
596 2828 810 2917 Venetorum,
835 2855 899 2918 que
925 2832 1084 2899 conducte
1116 2831 1238 2898 fuerint
1254 2833 1288 2897 in
1304 2831 1437 2914 eisdem,
1452 2836 1485 2896 et

356 2961 494 3023 quorum
511 2946 731 3006 mercatorum
749 2945 833 3023 sunt,
848 2961 908 3023 per
934 2939 1082 3006 ordinem
1099 2945 1133 3005 et
1148 2939 1309 3018 distincte,
1327 2937 1486 3023 possendo
1595 3007 1597 3018 Α

356 3048 531 3133 superinde
563 3049 730 3132 imponere
761 3068 879 3132 penam
904 3055 937 3114 et
961 3069 1064 3132 penas
1089 3049 1236 3133 patronis
1261 3055 1294 3114 et
1327 3046 1486 3114 scribonis
1588 3131 1592 3139 1

355 3157 520 3223 dictarum
537 3155 755 3223 conduratum
772 3162 806 3222 et
821 3157 1035 3242 navigiorum,
1061 3163 1094 3222 et
1119 3176 1174 3221 eos
1191 3155 1291 3222 etiam
1306 3175 1428 3239 ponere
1445 3154 1487 3220 ad

299 3343 302 3348 ¹
355 3265 540 3345 iurandum,
572 3265 657 3330 sicut
687 3267 716 3329 ei
748 3266 865 3331 melius
897 3264 1060 3333 videbitur
1091 3264 1252 3349 expedire.
1285 3264 1372 3331 Item
1397 3261 1484 3347 quod

356 3373 578 3438 committatur
604 3369 741 3440 Oonsuli
766 3372 913 3458 predicto
940 3373 1036 3458 quod,
1052 3391 1125 3437 cum
1151 3379 1351 3440 mercatores
1367 3369 1485 3439 Veneti
1591 3436 1597 3445 ,

354 3479 562 3546 vendiderint
578 3479 704 3564 aliquid
714 3481 747 3546 in
758 3480 829 3546 loco
840 3480 998 3566 predicte,
1008 3485 1162 3546 teneatur
1172 3486 1487 3545 excutereamerca·

354 3588 482 3656 toribus
498 3589 586 3673 ipsis,
604 3589 781 3655 secundum
799 3588 888 3674 quod
904 3587 1000 3673 plene
1016 3587 1207 3670 dictumest,
1225 3594 1259 3653 et
1275 3588 1407 3653 mittere
1424 3585 1486 3654 Ve-

355 3697 457 3764 neciis
472 3697 518 3763 ad
542 3717 658 3764 manus
683 3697 904 3782 predictorum
921 3695 1143 3777 Provisorum,
1169 3696 1272 3762 donec
1299 3692 1483 3761 satisfactio

356 3805 435 3872 dicti
451 3804 570 3871 nobilis
587 3805 686 3871 fuerit
703 3805 891 3890 adimpleta.
910 3803 1044 3871 Sumam
1061 3805 1152 3870 cuius
1163 3801 1295 3888 dampni
1311 3801 1486 3869 secundum

353 3914 557 3982 taxationem
570 3911 752 3997 predictam
763 3912 869 3979 eidem
880 3910 1016 3980 Consuli
1032 3911 1372 3996 perDominationem
1382 3909 1485 3984 detur,

354 4028 391 4087 ut
406 4021 498 4088 illam
514 4022 613 4087 etism
628 4020 751 4088 habeat
776 4022 865 4105 apud
890 4041 935 4088 se.
966 4016 1031 4106 Qui
1050 4017 1172 4087 Oonsul
1187 4041 1248 4105 pro
1265 4020 1356 4086 dict-a
1372 4019 1485 4085 melius

354 4131 545 4215 exequenda
561 4130 667 4216 possit
683 4130 780 4197 ctiam
813 4152 933 4214 ponere
949 4151 1067 4214 penam
1084 4135 1117 4196 et
1133 4149 1233 4214 penas
1248 4127 1483 4194 mercatoribus

356 4238 505 4324 Venetis
522 4247 556 4308 et
571 4242 659 4326 ipsos
676 4239 719 4307 ad
736 4247 978 4308 sacramentum
1005 4261 1137 4325 ponere,
1154 4239 1236 4306 sicut
1252 4237 1353 4305 fuerit
1370 4257 1484 4323 oppor-

355 4355 478 4415 tunum.
510 4349 582 4435 Que
612 4352 722 4420 omnia
747 4351 923 4419 cumomni
949 4349 1132 4418 reverentia
1157 4347 1270 4434 dicunt
1286 4353 1482 4416 mercatores

357 4458 425 4525 iam
442 4454 520 4522 dicti
537 4458 580 4524 ad
596 4457 715 4528 bonam
732 4458 829 4524 fidem
847 4465 880 4528 et
905 4456 1283 4540 reccommendatiouem,
1307 4455 1482 4524 contentati
