3244 5236
692 356 1109 426 prruouaesnuuuntnns.

887 695 960 764 su.

361 857 449 944 Esco
465 877 642 968 kdsetse'pre
659 901 679 942 o
696 877 848 944 veleaczei
863 875 1207 968 borrudaptoacicsnok
1222 875 1365 942 villosae.
1396 879 1495 944 1340.

470 1073 568 1143 Anno
596 1076 728 1143 Domini
755 1072 1290 1142 Mocuxn.aiev111.Junn.
1329 1027 1495 1156 Capta:

362 1182 563 1252 Examinata
579 1186 754 1251 ambaxata
770 1184 893 1250 domini
907 1183 1011 1270 Regis
1028 1180 1151 1263 Seruio,
1166 1188 1199 1248 et
1214 1183 1376 1250 contentis
1392 1185 1427 1246 in
1445 1203 1496 1264 ea,
1519 1267 1524 1270 .
1609 1263 1610 1266 Ἴ

364 1298 396 1357 'et
412 1290 527 1357 habita
543 1291 719 1357 collacione
730 1312 802 1356 cum
815 1287 1096 1360 Ambaxatoribus
1107 1287 1186 1354 dicti
1196 1288 1309 1372 Regis,
1319 1288 1495 1354 consulunt

364 1399 568 1464 concorditer
578 1397 760 1484 Sapientes,
776 1397 863 1482 quod
874 1396 916 1463 ad
926 1397 1032 1482 ipsam
1041 1396 1278 1480 respondeatur
1289 1418 1347 1481 per
1358 1396 1495 1462 modum

365 1506 591 1591 subscriptum.
607 1507 654 1571 Et
668 1510 774 1591 primo
793 1505 836 1572 ad
852 1506 972 1572 iactum
990 1503 1173 1570 Ciuilitatis
1189 1511 1308 1584 nostre,
1324 1527 1425 1587 quam
1442 1527 1497 1588 pe:

366 1615 417 1693 tit,
440 1613 696 1698 respondeatur:
729 1612 827 1697 Quod
854 1634 979 1696 semper
995 1613 1037 1677 ad
1054 1633 1127 1677 eum
1143 1611 1353 1677 deuocionem
1369 1614 1498 1696 specia-

365 1721 428 1786 lem
453 1717 634 1800 habuimus,
659 1725 692 1784 et
707 1703 881 1804 propterea
897 1725 992 1803 grato
1008 1718 1116 1784 animo
1131 1720 1236 1804 ipsum
1252 1719 1284 1783 in
1301 1718 1404 1784 ciuem
1420 1741 1497 1784 uos-

366 1817 454 1893 trum
479 1829 625 1911 recipere
642 1847 750 1894 sumus
765 1827 883 1913 parati,
909 1832 943 1891 vt
958 1826 1019 1891 bec
1035 1825 1202 1910 dispositio
1217 1830 1331 1892 nostra
1346 1827 1434 1892 inter
1450 1829 1499 1912 ip·

367 1952 438 2002 sum
455 1937 489 2000 et
503 1953 562 1999 nos
579 1933 947 2020 euidentiusappareat,
963 1939 996 1997 et
1011 1932 1136 2017 plenius
1154 1932 1371 2000 confirmetur.

475 2038 532 2108 Ad
548 2041 634 2106 idem
652 2041 739 2123 quod
754 2042 848 2126 petit,
864 2040 952 2125 quod
961 2040 1072 2123 possit,
1089 2042 1117 2106 si
1128 2062 1222 2106 casus
1233 2045 1377 2108 eueniret
1387 2063 1497 2108 neccs-

369 2147 476 2216 sarius
492 2149 563 2232 sibi,
579 2154 650 2214 tute
667 2148 710 2214 ad
722 2145 899 2214 Ciuitatem
911 2147 1138 2228 veneciarum,
1154 2153 1188 2214 et
1203 2149 1285 2214 alias
1300 2155 1409 2216 terras
1424 2171 1499 2216 nos·

370 2263 440 2326 tras
456 2258 575 2339 venire,
592 2256 679 2322 etde
696 2257 775 2343 ipsis
793 2259 914 2322 exitum
929 2255 1067 2324 liberum
1084 2255 1203 2322 habere
1214 2278 1286 2321 cum
1296 2259 1361 2322 suis
1371 2239 1498 2340 liberis,

369 2365 523 2432 thesauro
540 2371 573 2430 et
588 2365 768 2430 domestica
784 2364 979 2448 suppeletili,
995 2362 1249 2448 respondeatur:
1275 2363 1373 2448 Quod
1390 2365 1499 2450 dispo·

370 2471 426 2537 siti
442 2493 569 2555 semper
585 2471 618 2536 in
635 2474 722 2536 omni
739 2493 825 2552 casn,
850 2473 884 2536 in
901 2477 1062 2553 quantum
1077 2470 1212 2536 honeste
1226 2491 1284 2554 per
1300 2492 1358 2536 nos
1375 2478 1411 2537 et
1426 2495 1500 2540 nos·

369 2587 437 2644 tros
452 2578 523 2645 ficri
540 2583 657 2662 potest,
673 2578 735 2644 sibi
751 2579 897 2662 plenarie
913 2579 1132 2662 complacere;
1156 2585 1380 2646 contestamus
1397 2587 1431 2647 et
1449 2603 1502 2647 vo-

372 2686 486 2765 lumus,
502 2685 589 2768 quod
605 2686 648 2750 ad
665 2684 844 2753 Ciuitatem
858 2683 1078 2755 Veneciamrm
1094 2692 1128 2752 et
1144 2687 1227 2754 alias
1244 2693 1349 2753 terras
1365 2696 1499 2756 nostras

371 2796 489 2877 venire,
514 2793 638 2860 morari
664 2800 696 2859 et
722 2801 810 2859 stare
835 2796 948 2878 possit,
973 2801 1005 2859 et
1031 2794 1177 2879 deipsis
1203 2795 1247 2860 ad
1262 2795 1391 2862 libitum
1407 2819 1503 2864 suum
1609 2802 1611 2882 ἶ

373 2902 461 2968 exire
477 2923 550 2967 eum
565 2902 631 2968 suis
647 2901 767 2984 liberis,
783 2901 938 2968 thesauro
955 2907 988 2966 et
1003 2901 1184 2969 domestica
1199 2903 1392 2988 supelectili,
1416 2906 1502 2972 sicut
1609 2887 1611 2932 ³

372 3015 464 3095 petit,
497 3011 670 3077 dummodo
687 3011 806 3093 veniat,
820 3016 965 3078 moretur
982 3016 1015 3075 et
1030 3015 1094 3076 stet
1110 3031 1182 3075 cum
1192 3008 1250 3076 illa
1260 3009 1421 3092 decencia,
1438 3034 1503 3097 que
1609 3019 1611 3092 ξ

373 3119 559 3186 necessaria
575 3117 675 3182 fuerit
688 3139 748 3202 pro
765 3119 939 3184 securitate
954 3123 1117 3184 terrarum
1133 3125 1329 3185 nostrarum.

372 3241 376 3252 ’
482 3221 676 3290 Adiectum
692 3231 800 3291 autem
817 3225 940 3308 auxilii,
958 3226 1046 3306 quod
1063 3225 1157 3291 nobis
1172 3227 1344 3309 promittit,
1360 3235 1394 3294 et
1410 3249 1431 3293 a
1447 3249 1504 3293 no-

373 3334 425 3400 bis
442 3332 536 3416 petit,
551 3332 787 3415 respondeatur
802 3331 1019 3416 regraciando
1036 3332 1076 3397 de
1094 3333 1256 3400 oblatione
1273 3355 1340 3415 sua,
1365 3333 1454 3417 quod
1470 3336 1506 3401 in

376 3461 413 3506 eo
440 3460 567 3522 semper
591 3441 748 3524 gessimus
774 3439 1005 3507 confidenciam
1032 3442 1213 3525 specialem,
1233 3450 1266 3508 et
1281 3451 1458 3528 propterea
1473 3444 1507 3508 in

376 3548 463 3613 omni
489 3567 566 3612 casu
591 3549 685 3614 n'obis
709 3550 892 3615 necessario
918 3548 961 3614 ad
976 3549 1058 3614 Eius
1075 3549 1286 3618 Maiestatem
1310 3550 1507 3618 haberemus

375 3654 591 3723 confidentem
602 3677 785 3740 recursum3
801 3660 834 3722 et
850 3677 1026 3740 speramus,
1042 3657 1128 3742 quod
1145 3680 1217 3730 eum
1233 3659 1447 3724 inveniremus
1463 3657 1508 3724 ad

375 3773 489 3836 nostra
514 3767 650 3834 comoda
664 3788 791 3852 semper
806 3772 1001 3852 promptum,
1028 3772 1062 3831 et
1079 3767 1125 3832 sic
1141 3772 1250 3850 potest
1265 3767 1371 3833 facere
1387 3773 1421 3833 et
1437 3789 1508 3852 spe-

378 3897 456 3942 rare
481 3873 521 3940 de
544 3874 648 3955 nobis,
674 3877 751 3958 quia
776 3874 979 3958 disponimur
999 3873 1101 3941 libere
1117 3874 1161 3939 ad
1177 3895 1304 3958 queque
1319 3873 1457 3941 comoda
1473 3877 1507 3940 ct

378 3982 587 4067 beneplacita
604 4004 670 4046 sua.
1038 3967 1042 3976 ⁵

485 4090 541 4156 Ad
557 4089 680 4158 iactum
695 4098 806 4158 autem
820 4098 1036 4159 mercatorum
1046 4099 1241 4175 nostrorum,
1257 4092 1383 4177 quibuS,
1398 4113 1508 4158 sersus

380 4198 702 4284 Constantinopolim
719 4200 824 4267 eundo
850 4222 909 4284 per
919 4199 1071 4284 Regnum
1089 4222 1180 4266 suum
1196 4201 1359 4284 permittit
1368 4200 1509 4266 liberum

379 4310 554 4374 transitum
571 4315 604 4373 et
619 4329 777 4393 securum,
802 4308 1040 4394 respondeatur
1054 4310 1269 4394 regraciando
1286 4307 1327 4374 de
1344 4307 1511 4376 oblacione

384 4421 417 4479 et
432 4417 643 4500 permissione
659 4417 818 4502 predicta,
843 4417 930 4500 quod
946 4439 1122 4502 speramus,
1140 4415 1227 4502 quod
1244 4421 1375 4482 nostros
1391 4438 1511 4482 merca-

380 4527 469 4588 tores
495 4529 528 4590 et
551 4523 663 4590 fideles
688 4525 824 4592 inomni
842 4546 920 4592 casu
935 4526 1057 4594 babeat
1073 4527 1243 4611 specialius
1261 4526 1509 4592 commendatos.
1607 4529 1611 4604 i

1601 4615 1611 4661 ‚l
