3222 5240
367 358 430 426 262
722 371 955 420 nunonnczini
972 357 1138 416 anebsan.

368 553 567 631 vicariatus,
584 572 648 634 quo
665 552 794 632 utimur,
809 558 1019 632 nostrumque
1035 547 1286 632 Archiepiscopi
1297 543 1483 625 Surrentini,

369 658 567 745 Logothete,
583 663 616 724 ot
632 656 776 724 Abbatis
787 657 983 741 Mouasterij
996 655 1110 723 Sancti
1120 656 1270 722 Seuerini
1287 654 1405 738 sigillis
1419 675 1487 737 pen·

370 767 520 834 dentibus
537 766 779 832 communitam.
795 765 921 832 Datum
931 763 1072 848 Neapoli
1088 785 1173 830 anno
1183 763 1319 830 Domini
1330 758 1488 828 M⁰GOC⁸

372 869 520 943 ΧΧἮο
536 872 588 938 die
603 872 716 938 ultimo
727 871 811 938 Maii
827 893 910 939 none
925 872 1124 952 indictionis,
1140 871 1332 957 Regnorum
1349 868 1427 935 dicti
1440 868 1489 934 do

372 983 451 1047 mini
466 980 570 1063 Regis
587 999 673 1045 anno
690 979 831 1048 XVIII.

483 1161 520 1222 (A
534 1161 675 1226 ›Registri
688 1161 840 1226 Angioinh
860 1163 891 1212 B.
906 1166 966 1212 26³.
985 1177 1022 1212 sz.
1041 1161 1109 1225 Beg.
1129 1160 1229 1214 Karoli
1248 1159 1372 1209 Illustris
1387 1162 1442 1208 181.
1457 1158 1490 1206 sk.

373 1252 442 1316 lev.;
460 1265 494 1300 az
507 1251 580 1300 olssz
592 1249 646 1300 kir.
660 1251 771 1301 Grande
785 1250 974 1302 Archivioban
987 1251 1162 1314 Nepolyban.
1194 1249 1264 1299 Csal
1279 1245 1457 1299 tokeletlenirl
1468 1247 1492 1295 es

372 1342 423 1391 sols
437 1340 615 1406 kibagytssul
628 1340 730 1390 kisdrs
740 1341 855 1391 Schulze
865 1339 972 1392 Hebrib
982 1342 1088 1392 Vilmos
1099 1341 1302 1406 munksjsbsn:
1317 1336 1493 1388 ›Denkmtler

374 1429 423 1478 der
434 1430 525 1480 Kunst
539 1429 584 1478 des
597 1427 777 1482 Mittelsltero
789 1430 819 1482 in
833 1429 1049 1492 Untsritab'en«,
1062 1429 1168 1482 Dresda
1182 1428 1259 1481 1860.
1273 1427 1322 1478 1v.
1338 1427 1395 1481 lot.
1408 1424 1493 1477 okmt·

211 1511 217 1524 ’
237 1543 264 1600 ¹.
376 1518 637 1594 oporteant.)

857 1699 1016 1714 ..n—..-

904 1939 977 2000 288.

378 2098 516 2192 Spectato
540 2105 634 2168 odron
659 2101 787 2186 kbzsdpe
812 2099 933 2164 alanne·
962 2103 1072 2184 mapa‘t
1090 2121 1111 2160 a
1126 2098 1281 2164 velenczec‘
1296 2097 1495 2184 kbztdrsnau'p

740 2207 1019 2294 pdrtfoydsetnak.
1040 2210 1134 2272 1327.

486 2367 668 2433 Pactum
692 2366 883 2452 Spalati.

487 2474 528 2539 In
539 2474 663 2541 Christi
674 2479 804 2542 nomine
821 2475 937 2541 Arnen.
953 2474 1053 2542 Anno
1070 2477 1213 2542 eiusdem
1228 2474 1425 2542 Nativitatis
1439 2473 1500 2538 mil-

388 2582 492 2646 esimo
519 2585 745 2650 trecentesimo
770 2585 925 2667 vigesimo
953 2586 1102 2670 septimo,
1127 2584 1306 2650 indictione
1332 2583 1500 2658 vndecima,

379 2686 433 2752 die
456 2684 597 2755 Veneris
622 2691 748 2756 decimo
768 2698 883 2758 octauo
903 2695 1023 2757 mensis
1040 2689 1254 2776 Septembris.
1271 2691 1392 2757 Diuine
1406 2689 1502 2776 proui-

380 2795 491 2860 dentia
501 2794 698 2880 Maiestatis
709 2819 772 2881 que
786 2805 902 2865 cuncta
911 2805 1069 2884 perpetua
1084 2801 1212 2866 ratione
1229 2801 1402 2883 gubernat,
1418 2798 1503 2862 Prin-

380 2905 506 2988 cipatus
519 2911 554 2970 et
570 2906 819 2974 Dominationes
835 2909 868 2972 in
884 2909 965 2975 orbe
981 2915 1146 2974 terrarum
1160 2909 1325 2992 produxit,
1341 2916 1374 2973 et
1390 2906 1504 2983 statuit,

380 3013 460 3078 utin
477 3014 562 3079 viam
578 3017 670 3098 pacis
687 3022 720 3081 et
736 3016 868 3099 iustitie,
879 3039 940 3100 que
951 3038 1077 3082 summa
1086 3016 1190 3082 virtus
1207 3021 1266 3098 est,
1282 3015 1438 3101 dirigant,
1453 3036 1501 3099 gu·

380 3119 564 3187 bernantet
574 3122 759 3188 custodiant
770 3124 945 3188 clementer
955 3122 1018 3190 sibi
1029 3125 1187 3190 suciectas
1204 3124 1362 3190 nationes
1379 3123 1507 3218 Quippe,

381 3227 427 3291 nil
453 3233 559 3313 potest
585 3229 785 3298 Ciuitatibus
810 3237 843 3296 et
867 3232 999 3317 populis
1024 3234 1122 3298 variis
1142 3233 1307 3298 interdum
1323 3233 1457 3316 agitatis
1472 3251 1507 3294 ex

382 3335 518 3400 sinistra
547 3335 651 3419 Regis
679 3338 893 3422 dispositione
921 3339 1072 3422 fortunis,
1091 3347 1161 3405 tam
1187 3338 1403 3422 salutiferum,
1435 3345 1507 3404 tam-

384 3459 458 3524 que·
470 3445 690 3510 necessarium
714 3447 892 3528 procurari,
917 3469 1015 3529 quam
1031 3455 1065 3512 vt
1080 3449 1178 3533 pium,
1194 3451 1316 3516 iustum
1332 3456 1366 3514 et
1383 3448 1508 3514 clemen-

382 3545 543 3613 tissimum
559 3549 759 3632 Dominium‚
774 3552 899 3618 Diuina
924 3554 1131 3637 impertiente
1158 3553 1352 3637 Clementia,
1375 3555 1508 3639 reperire

383 3655 523 3736 valeant,
548 3658 601 3722 cui
626 3658 793 3723 humiliter
819 3659 981 3725 subiciant
1005 3683 1040 3726 se
1056 3668 1089 3726 et
1105 3685 1174 3746 sua,
1190 3669 1362 3746 sperantes
1379 3664 1438 3730 sub
1454 3683 1504 3728 suo

383 3761 470 3828 felici
481 3763 601 3829 ducatu
611 3765 760 3849 iustaque
771 3766 1008 3849 gubernatione
1019 3775 1134 3852 optata
1151 3771 1395 3854 tranquillitate
1412 3769 1508 3856 potiri.

385 3869 530 3953 Ideoque
546 3870 670 3938 nobiles
688 3873 795 3956 Cinea,
810 3875 835 3941 J
838 3876 957 3958 udices,
973 3875 1173 3957 Consiliarii‚
1190 3877 1372 3945 Commune
1389 3886 1423 3944 et
1438 3877 1507 3946 Vni·

386 3979 527 4045 uersitas
551 3984 622 4044 tota
648 3977 803 4046 Ciuitatis
828 3981 967 4065 Spalati,
982 3984 1134 4066 predicta
1149 3986 1259 4051 omnia
1274 3993 1404 4053 attenta
1420 3984 1511 4053 consi-

387 4084 556 4151 deratione
579 4093 762 4170 pensantes,
778 4111 818 4154 ac
835 4091 1078 4158 considerantes
1094 4094 1324 4160 multimodam
1339 4095 1511 4162 hnmanita-

386 4198 460 4272 tem‚
485 4194 606 4259 iustum
633 4201 667 4261 et
686 4219 784 4264 suane
801 4197 977 4264 dominium
993 4201 1098 4266 incliti
1115 4201 1240 4268 domini
1256 4203 1362 4270 Ducis
1380 4211 1413 4272 et
1430 4205 1511 4270 Com·

388 4301 494 4367 munis
520 4300 744 4385 Venetiarum‚
768 4310 801 4370 et
825 4306 989 4390 quomodo
1006 4329 1118 4376 eorum
1135 4309 1288 4394 subdicti,
1305 4315 1430 4398 populi,
1446 4309 1512 4376 ciui·

388 4408 473 4470 tates
498 4412 532 4474 et
555 4410 628 4478 loca
647 4432 702 4477 sue
719 4410 870 4478 fidelitati
887 4418 1058 4498 supposita
1073 4416 1108 4481 in
1124 4417 1264 4501 pacifica
1280 4421 1511 4506 tranquillitate

389 4511 578 4597 persistunt,
602 4524 635 4583 ct
659 4520 700 4588 de
723 4520 811 4590 bono
826 4521 860 4592 in
875 4521 992 4594 melius
1008 4533 1277 4610 augmentantur,
1293 4533 1365 4596 tam
1380 4545 1511 4596 commu·
