3234 5238
403 321 445 383 38
753 339 989 384 nrrnounczmr
1013 326 1179 384 nuntnnn.

403 498 523 562 nostris
538 497 676 579 negotijs
693 498 781 579 ipsos
797 498 1045 578 transmisimus,
1070 499 1136 563 sint
1153 497 1194 562 ad
1211 519 1269 562 nos
1294 519 1351 580 per
1368 517 1466 575 mare,
1480 495 1520 558 di·

402 605 508 672 missis
525 626 636 670 eorum
652 607 861 686 equitaturis,
891 612 989 689 prout
1007 605 1052 670 eis
1076 605 1313 686 mendanimus,
1329 606 1362 670 in
1380 603 1519 687 proximo

404 711 557 778 redituri:
589 712 735 777 volumus
763 721 797 778 et
821 713 1025 793 mandamus,
1043 729 1203 795 (prutenus
1220 713 1267 778 sic
1282 712 1385 777 facias
1401 717 1436 774 et
1457 731 1523 792 pro·

405 841 507 900 eures,
524 819 551 884 si
568 818 705 886 deberes
722 820 863 903 aliquem
888 827 980 885 tuum
997 819 1040 885 ad
1057 821 1116 886 hoc
1133 820 1307 906 specialem
1324 816 1476 884 nuncium
1490 816 1520 880 in

406 926 663 995 Manlridonium
677 929 837 1012 ordinare,
854 929 942 1012 quod
958 930 1079 1011 statim,
1096 929 1181 1010 quod
1206 930 1272 1012 ipsi
1297 929 1402 994 nostri
1419 924 1520 1006 nuncij

405 1036 458 1100 uel
476 1057 586 1104 eorum
602 1036 686 1101 alter
703 1038 791 1121 apud
816 1037 1069 1103 Manfn'doniam
1090 1038 1311 1121 applicabunt,
1326 1036 1524 1118 equitaturas

406 1150 440 1208 et
455 1143 521 1209 alia
537 1145 731 1211 inuenienda
748 1167 848 1228 usque
865 1146 906 1210 ad
924 1167 982 1210 nos
993 1147 1184 1230 necessaria,
1195 1148 1221 1211 si
1233 1145 1367 1211 deberes
1383 1143 1426 1208 de
1444 1138 1523 1223 equi·

406 1253 525 1318 taturis
541 1253 606 1318 tuis
632 1254 681 1320 eis
706 1261 881 1338 propterea
905 1254 1126 1336 accomodare,
1152 1254 1295 1320 habeant
1319 1254 1353 1318 in
1370 1248 1524 1326 instanti;

406 1359 453 1423 ita
463 1361 549 1443 quod
558 1361 599 1425 ob
611 1361 773 1427 delectum
782 1363 1035 1428 necessariorum
1052 1384 1115 1426 non
1126 1368 1275 1445 oporteat
1291 1362 1381 1445 ipsos
1392 1355 1523 1423 nuncios

394 1467 462 1536 .uel
478 1488 590 1534 eorum
614 1470 753 1534 alterum
769 1471 803 1534 in
820 1469 1048 1535 Manfridouia
1064 1470 1116 1535 uel
1133 1469 1214 1536 alibi
1230 1491 1288 1553 per
1304 1491 1400 1533 vnam
1416 1467 1527 1534 horam

408 1575 505 1641 modo
522 1577 670 1658 quolibet
686 1579 886 1643 commorari.
912 1576 1086 1644 Actontius
1111 1579 1311 1661 pronisurus,
1336 1575 1426 1659 quod
1452 1575 1530 1641 sicut

408 1684 665 1767 indignationem
690 1684 804 1750 Nostri
831 1685 990 1750 Culmiuis
1017 1686 1121 1750 vitare
1147 1683 1322 1762 desideras,
1348 1684 1476 1748 nullam
1499 1682 1529 1745 in

408 1792 573 1876 premissis
589 1793 775 1858 commictae
795 1776 1027 1877 negligentiam
1051 1793 1105 1858 uel
1122 1790 1290 1856 defectum.
1316 1791 1481 1872 Alioquin
1505 1787 1528 1855 si

409 1923 501 1966 secus
517 1901 761 1984 presumpseris,
776 1908 885 1985 proter
911 1902 970 1966 hoe
996 1900 1083 1982 quod
1109 1899 1369 1984 indignationem
1386 1905 1529 1966 nostram

408 2008 561 2089 incurres,
586 2030 703 2093 penam
730 2010 967 2093 quinquaginta
991 2009 1154 2074 unciarum
1183 2008 1264 2088 auri,
1290 2031 1389 2090 quam
1414 2007 1477 2074 tibi
1493 2028 1530 2069 ex

409 2139 492 2182 nunc
521 2117 716 2201 imponimus
741 2138 799 2200 pro
825 2116 998 2200 premissis,
1023 2140 1042 2181 a
1069 2120 1100 2181 te
1130 2116 1357 2183 mandabimus
1390 2116 1434 2181 ad
1452 2137 1530 2200 opus

410 2231 521 2292 nostre
539 2221 637 2290 Curis
653 2223 917 2290 irremissibiliter
933 2224 1128 2307 extorquerj.
1138 2225 1264 2290 Datum
1281 2224 1368 2308 apud
1385 2224 1531 2289 Mentem

410 2333 545 2404 Fortem
561 2331 645 2396 XX.
661 2330 754 2415 Junij
773 2333 839 2397 ΙΙΙ.
856 2333 1054 2397 indictionis.

519 2478 554 2536 (Α
570 2478 707 2540 »Regirtri
721 2479 878 2544 Angioini«,
895 2480 926 2530 B.
944 2483 965 2527 l.
979 2493 1016 2528 sz.
1029 2479 1112 2543 »Reg
1126 2477 1217 2530 Caroli
1230 2479 1268 2527 1.‹
1284 2478 1374 2528 ezinu'l
1389 2475 1536 2534 reuerendi

412 2573 471 2624 2³7.
485 2569 558 2637 lev.;
582 2583 608 2624 u·
622 2573 660 2633 ο.)

891 2678 1049 2690 -ν--ιι--ι-ιι

947 2828 998 2888 38.

411 2953 439 3018 Ι.
459 2954 585 3040 Ko'roly
599 2953 726 3017 sicilici
751 2955 861 3038 kirrlly
885 2953 1086 3039 pdrtfopolju
1114 2951 1258 3018 Oruietoi
1285 2952 1487 3038 Rajrruldot,
1504 2949 1537 3013 lri

517 3062 600 3126 crint
616 3087 637 3125 a
652 3067 744 3146 pcipe
761 3063 865 3126 severe
884 3063 1180 3148 Mapyororezcigdc
1197 3060 1319 3123 *rttazila
1339 3063 1436 3123 1276.

522 3207 548 3268 1.
565 3201 727 3288 Scriptum
745 3210 794 3270 est
809 3207 964 3270 uniuersis
982 3212 1015 3269 et
1030 3203 1166 3287 singulis
1182 3210 1251 3268 tam
1268 3201 1421 3268 fidelibus
1439 3223 1540 3284 quam

413 3311 536 3392 amieis,
552 3313 595 3376 ad
613 3334 694 3394 quos
711 3321 876 3394 presentes
891 3313 1100 3396 peruenerint
1116 3315 1174 3377 etc.

520 3414 589 3485 Vos
613 3420 733 3484 amicos
766 3418 941 3484 affectuose
964 3419 1167 3501 requirimus,
1199 3418 1352 3500 vobisque
1384 3417 1540 3483 fidelibus

414 3546 563 3608 expresse
587 3525 787 3605 mandamus,
813 3531 971 3608 quatenus
997 3525 1198 3609 Rajnaldum
1224 3525 1265 3591 de
1289 3523 1382 3593 Vrbe
1413 3525 1542 3604 Veteri,

415 3631 537 3698 domini
561 3631 654 3718 Papo
684 3635 888 3714 seruientem,
913 3641 946 3698 et
969 3633 1131 3699 Nuntium
1147 3633 1315 3717 adportes
1334 3633 1487 3718 Vngarie
1503 3633 1542 3700 de

414 3739 539 3807 Summi
570 3739 739 3806 Pontificis
775 3741 928 3806 mandato
964 3748 1111 3820 euntem,
1145 3741 1246 3806 nostri
1272 3742 1396 3807 amoris
1416 3743 1544 3809 intuitu

414 3849 672 3915 commendatum
698 3849 870 3928 habentem
890 3850 1013 3914 nullam
1045 3851 1149 3915 eidem
1173 3849 1206 3913 in
1233 3849 1350 3930 euud0‚
1370 3851 1494 3918 stando
1510 3857 1547 3916 et

414 3955 588 4035 redeundo,
604 3955 636 4021 in
664 3978 802 4039 persona
827 3957 880 4022 uel
905 3956 1001 4022 rebus
1026 3956 1210 4022 molestiam
1226 3955 1385 4050 inferatis,
1411 3979 1474 4024 nec
1500 3958 1541 4024 ab

415 4063 490 4150 alijs
506 4065 704 4148 permittatis
721 4064 852 4145 inferri;
877 4066 955 4147 quin
985 4065 1092 4148 potius
1118 4064 1159 4131 de
1175 4085 1289 4130 securo
1323 4065 1505 4150 conductu,
1521 4067 1548 4133 si

416 4171 606 4253 oportuerit,
622 4172 825 4254 prouideatis
852 4171 963 4236 eidem.
984 4171 1040 4236 Ita
1057 4170 1144 4253 quod
1160 4172 1252 4239 vobis
1278 4173 1393 4240 amicis
1420 4174 1546 4240 referre

416 4278 575 4359 speciales
591 4279 716 4360 gratias
732 4284 906 4362 propterea
922 4285 1109 4361 teneamur,
1127 4285 1160 4344 et
1176 4299 1231 4346 vos
1249 4280 1362 4348 fideles
1378 4282 1546 4365 possimus

418 4385 532 4450 exindo
547 4388 664 4451 merito
682 4388 918 4454 commendare.
936 4364 1150 4454 Presentibus
1166 4396 1242 4473 post
1258 4397 1325 4458 tres
1342 4413 1475 4459 menses
1493 4393 1550 4458 mi-

419 4490 504 4557 nime
522 4492 677 4558 valituris.
694 4493 816 4558 Datum
832 4495 936 4561 Rome
952 4495 1004 4560 die
1029 4497 1093 4562 XI.
1119 4495 1246 4580 Aprilis
1264 4499 1330 4568 IV.
1349 4501 1552 4568 indictionis.
