3222 5240
637 366 732 428 1332.
1179 366 1241 427 293

123 545 212 610 tibus
239 543 405 610 destinare
421 563 578 626 procures
596 562 656 627 pro
673 542 801 608 cautela
817 542 851 605 in
867 538 1015 605 Archiuo
1032 541 1135 623 ipsius
1151 535 1252 604 (iuria

119 651 389 718 conseruandum.
413 651 538 718 Datum
552 651 586 716 in
604 648 722 716 Castro
739 648 843 714 Maris
860 648 900 713 de
918 645 1034 714 Stabiu
1048 667 1108 729 per
1123 645 1148 712 J
1150 646 1250 712 ohan-

118 779 193 824 nem
210 755 356 823 Grillum
372 759 413 823 de
429 757 566 825 Salerno
584 763 643 824 ete.
666 755 765 822 Anno
781 756 915 839 Dominj
926 753 980 818 Μ0
992 750 1251 820 CCCXXXIIu

120 865 173 930 die
183 863 445 950 XXIII⁰Junij
457 863 535 932 XV.
547 865 741 946 indictionis,
756 863 944 946 Regnorum
961 865 1154 945 nostrorum¹
1165 879 1252 925 anno

226 1133 262 1194 (Α
283 1133 425 1198 »Begistri
443 1135 594 1200 Angioiui«
619 1137 679 1184 331.
699 1147 734 1183 ez.
754 1133 822 1196 neg.
841 1132 959 1182 Roberti
980 1132 1012 1181 Β.
1033 1130 1177 1180 klitettbol
1193 1132 1252 1178 199.

116 1221 191 1282 lav.,·
210 1236 244 1270 az
258 1221 334 1272 olm
346 1222 400 1272 kir.
415 1223 526 1274 Grande
540 1222 731 1274 Archivitban
745 1221 932 1285 Ndpolyban).

640 1631 715 1694 304.

4 1855 5 1858 ,
138 1793 295 1856 Hambert
311 1791 409 1876 delfin
427 1789 735 1877 Maqyarorezdpdol
753 1789 887 1854 odratilr
903 1788 1112 1874 Ndpolybau.
1130 1789 1230 1852 1332.

225 1967 424 2051 Spectabilis
452 1966 583 2050 junonis
608 1967 813 2033 Humbertus
838 1965 990 2031 Dalfinus
1022 1985 1124 2046 nepos
1148 1963 1253 2046 Regis
1301 2005 1305 2013 -

3 2109 5 2116 v
117 2074 261 2142 Roberti
280 2074 406 2140 accedit
423 2073 462 2140 de
478 2075 627 2158 partibus
642 2074 752 2157 Regni
768 2073 914 2155 Vngarie
930 2069 1117 2153 Neapolim.

226 2254 263 2316 (Δ
278 2254 362 2320 »Rea
376 2254 525 2320 Angioini«
548 2260 607 2306 277.
622 2269 659 2306 ez.
673 2255 740 2319 Reg.
753 2255 870 2320 Roberti
883 2253 916 2305 R.
930 2253 988 2307 not.
1003 2254 1062 2300 256.
1078 2251 1151 2315 leu.;
1171 2264 1197 2301 u.
1212 2251 1249 2312 ο.)
1272 2233 1275 2238 ’

603 2431 763 2442 ..η-.-

641 2670 715 2732 305.

3 2785 5 2790 V
115 2826 147 2892 A
166 2825 318 2892 oeleoczei
342 2829 503 2914 bormdny
528 2828 724 2892 intdzkede‘ee
750 2851 806 2914 epp
827 2828 992 2912 Veqldban
1019 2827 1251 2893 letartdztotott

303 2935 517 3000 anconar'nalr
524 2935 789 3021 felezodaditdea
806 2937 954 3022 itpydben.
978 2936 1064 2998 1332

223 3109 323 3177 Anno
347 3111 481 3177 Domini
506 3108 795 3178 MOOOXXXII.
813 3109 866 3177 die
883 3110 1021 3177 secundo
1036 3111 1247 3179 Nouembris.

117 3217 281 3303 Capta:
316 3218 405 3302 quod
429 3220 581 3285 mittatur
606 3239 686 3284 vnus
711 3217 871 3284 Notarius
899 3215 996 3283 Ourie
1023 3217 1066 3284 ad
1083 3215 1246 3285 Comitem

115 3326 311 3393 chericum
327 3325 483 3391 cumillis
501 3325 615 3406 verbio,
633 3345 697 3406 que
714 3324 908 3391 videbuntur
918 3322 1069 3405 Domino,
1086 3325 1249 3393 Consilia·

114 3434 174 3498 riis
201 3440 234 3498 et
251 3431 434 3516 CapitibuS,
459 3433 672 3517 aggrauando
697 3432 828 3516 factum,
855 3439 1014 3516 quantum
1029 3432 1100 3497 fieri
1116 3435 1255 3518 poterit,

116 3546 148 3604 et
174 3541 258 3606 sicut
283 3541 422 3626 requirit
447 3540 587 3620 factum;
620 3540 820 3622 requirendo
839 3548 872 3607 et
888 3540 1075 3607 mandando
1092 3541 1252 3609 districte,

115 3647 203 3730 quod
228 3647 330 3713 faciat
346 3645 616 3713 Anchonitanum
644 3653 775 3732 captum
800 3649 1043 3732 presentialiter
1060 3648 1248 3730 consignari

114 3777 187 3820 cum
203 3753 299 3819 bonis
316 3755 382 3819 suis
398 3756 511 3820 nuntio
527 3762 660 3837 nostro,
684 3761 718 3820 et
734 3757 761 3820 si
778 3777 843 3821 non
860 3755 1014 3822 habuerit
1031 3776 1113 3836 eum,
1130 3755 1248 3818 rescri-

114 3862 173 3928 bat
188 3860 292 3946 nobie,
310 3867 343 3927 et
359 3869 505 3946 expectet
520 3868 666 3928 nostrum
682 3863 880 3946 mandatum,
907 3871 940 3928 et
956 3863 1010 3928 hie
1026 3862 1083 3928 fiet
1100 3863 1184 3926 sicut
1202 3863 1248 3925 vi-

115 3969 255 4036 debitur.
289 3970 336 4036 Et
355 3970 515 4037 scribatur
533 3973 631 4037 etiarn
649 3993 701 4037 ser
717 3972 742 4038 J
745 3971 868 4038 ohanni
883 3970 1029 4036 Michael
1048 3991 1146 4054 super
1164 3971 1251 4035 dicto

3 4129 5 4146 .
112 4077 213 4144 facto.

224 4163 312 4250 Quia
335 4169 495 4252 scriptum
511 4169 638 4235 uidetur
653 4169 778 4254 pluries
790 4168 910 4236 Comiti
921 4167 1081 4234 cherico
1099 4169 1138 4233 de
1149 4191 1255 4283 cursu,

113 4293 210 4358 quem
234 4280 349 4339 tenent
374 4277 408 4340 in
434 4296 491 4342 suo
517 4276 680 4344 Districtu
705 4278 807 4361 aliqui
833 4278 922 4343 exitii
950 4278 990 4343 de
1007 4275 1180 4362 Anchona,
1213 4286 1247 4346 et

3 4411 5 4416 ·
116 4381 229 4446 ultimo
256 4384 464 4466 aggravando
492 4385 638 4465 multum,
665 4387 791 4470 etipse
817 4409 880 4451 non
910 4389 1038 4452 curauit
1065 4388 1248 4474 adimplere

3 4505 4 4508 ’
117 4495 267 4555 nostrum
292 4491 500 4574 mandatum3
525 4499 559 4558 et
583 4515 648 4559 non
673 4495 717 4559 sit
742 4495 846 4561 honor
862 4502 985 4578 noster,
1012 4496 1100 4581 quod
1115 4500 1251 4566 nuntius
