3234 5238
598 294 692 362 laea.
1178 295 1216 361 1⁷

100 475 214 554 sistunt,
228 473 338 540 taxari
354 472 456 538 socies
472 480 505 536 et
521 470 671 552 conferri,
693 472 778 537 sicut
798 472 982 554 proditores
999 473 1141 555 predicti
1158 491 1219 556 pre

102 582 246 666 predictis
269 581 364 646 bonis
379 579 538 646 hacteuus
554 579 754 645 taxabantur
770 579 803 642 in
820 579 978 662 pecunijs‚
1004 578 1222 644 subsentioui-

103 691 154 758 bus
169 697 201 756 et
216 689 371 754 collectis.
387 687 511 753 Datum
528 685 669 771 Neapoli
679 685 793 754 ultimo
809 685 893 751 Maii
904 686 1013 752 XIII.
1024 685 1221 752 indictionis.

199 795 241 872 ‘I
258 795 390 862 Similes
413 796 593 861 factasunt
615 795 640 862 J
643 795 810 860 ostitiario
836 793 944 864 Vallis
971 791 1083 858 Grate.
1100 792 1224 860 Datum
1240 873 1244 882 .

106 911 137 968 rt
151 925 256 988 supra.

200 1009 243 1085 Ἥ.
263 1007 396 1075 Similes
413 1007 497 1075 facte
522 1015 597 1074 sunt
621 1007 646 1073 J
648 1007 813 1073 ostitiario
844 1006 1054 1092 Principatus
1071 1013 1104 1074 et
1119 1009 1222 1074 Terre

102 1116 330 1184 Beneuentano.
347 1115 474 1181 Datum
489 1122 524 1180 rt
540 1137 649 1198 supra.

205 1225 248 1300 (11.
265 1221 398 1288 Similes
429 1223 514 1290 facte
540 1229 615 1288 sunt
646 1223 838 1289 Justitiario
855 1219 1001 1307 Aprutij.
1032 1222 1159 1289 Datum
1189 1229 1225 1290 vt

103 1353 204 1416 supra.

203 1438 245 1514 ql.
268 1436 397 1504 Similes
422 1437 508 1503 secte
525 1445 601 1502 sunt
631 1437 823 1502 Iustitiario
855 1436 1009 1503 Ydronti.
1039 1438 1164 1506 Datum
1188 1445 1223 1506 vt

105 1565 203 1629 supra

158 1646 161 1650 ’
201 1653 244 1728 cll.
262 1651 394 1723 Similes
409 1652 495 1720 facte
512 1659 588 1718 sunt
604 1654 629 1719 J
630 1653 794 1718 ustitisrio
825 1652 928 1718 Terre
944 1653 1034 1719 Bari.
1049 1653 1172 1720 Datum
1189 1661 1225 1720 vt

16 1770 21 1779 '
104 1781 205 1842 snpra-

203 1869 245 1945 ἹῘ.
262 1867 392 1936 Similes
416 1869 501 1934 facte
527 1876 603 1934 sunt
618 1869 643 1934 J
645 1868 808 1934 ustitiario
828 1867 1033 1952 (lapitanste.
1049 1867 1173 1934 Datum
1188 1876 1224 1934 rt

103 1994 202 2057 supra.

200 2083 242 2158 cll.
258 2083 389 2149 Similes
414 2081 499 2148 facte
525 2087 600 2147 sunt
615 2081 805 2148 ‚Iustitiario
831 2080 1018 2147 Basilicate.
1045 2083 1172 2148 Datum
1187 2089 1223 2148 vt

104 2210 201 2272 supra
227 2189 230 2194 ’

203 2297 1222 2381 ‘ll-SimilesloctesuutJustitierioCalabricDel-umvtmpra.

204 2445 239 2506 (A
258 2445 344 2508 ›Reg.
358 2445 510 2509 ungioiui«
527 2446 558 2495 D.
576 2452 598 2496 6.
613 2460 649 2494 aa.
671 2445 738 2510 Reg.
753 2445 850 2494 Ksroli
864 2445 885 2494 1.
900 2445 958 2494 ket.
982 2448 1022 2494 30.
1048 2445 1109 2505 lev..
1138 2459 1164 2493 u.
1185 2441 1222 2505 ο.)

580 2621 671 2628 ----.-
682 2619 736 2626 u..-

636 2749 685 2810 12.

98 2885 121 2951 I.
138 2891 256 2979 Kdroly
272 2887 403 2956 sicilici
418 2889 599 2977 kircilynale
623 2889 779 2956 reudelete
804 2889 842 2955 de
857 2889 964 2957 Senta
982 2883 1079 2956 Crece
1096 2887 1218 2976 Fotopa

97 2999 146 3060 lez
161 3000 275 3086 ledoyo
292 2999 435 3064 Izadella
450 2999 1221 3086 Mopyororszdyborctozdcata'rpyo'bao,1269.

192 3157 362 3243 Scriptum
378 3165 427 3222 est
442 3158 597 3242 Philippo
608 3157 648 3223 de
670 3157 773 3224 Senta
795 3157 897 3224 Oroce
913 3159 1133 3225 Prothontino
1149 3159 1214 3224 Ba·

99 3264 158 3328 roli
172 3270 204 3330 et
221 3266 419 3350 Moncpolis.

200 3372 281 3438 Ourn
296 3395 354 3437 nos
388 3371 582 3438 Ysobellam
608 3373 708 3438 filiam
739 3380 896 3456 nostram,
928 3373 1073 3441 futurem
1099 3393 1216 3438 nurum

97 3477 231 3544 illustris
246 3479 350 3563 Regis
369 3479 525 3562 Vugarie‚
541 3481 583 3545 ad
603 3488 714 3564 partes
730 3482 806 3546 illos
823 3481 1028 3547 intendamus
1045 3482 1218 3564 evestigio

100 3595 225 3654 auctore
241 3587 384 3654 Domino
400 3588 574 3668 destinare,
591 3589 680 3671 quod
705 3590 799 3654 nauis
822 3609 861 3654 ac
878 3579 941 3655 duc
968 3589 1033 3654 elie
1049 3591 1145 3656 terite
1161 3609 1223 3674 pro

99 3693 240 3762 ducenda
256 3697 369 3762 eadem
386 3703 501 3779 parate
517 3696 664 3780 inportu
681 3696 798 3761 Baruli
824 3704 1072 3764 commorantes.
1087 3696 1223 3781 Nosque

99 3802 290 3886 dubitantes,
305 3825 346 3868 ne
370 3804 521 3887 predicta
546 3803 614 3868 filia
639 3811 754 3870 nostra
768 3805 803 3868 in
828 3804 952 3870 eisdem
977 3807 1062 3870 vasis
1087 3811 1223 3890 propter

38 3967 39 3972 ,
99 3909 278 3977 malletiam
294 3932 350 3976 seu
365 3917 535 3976 ventorum
551 3913 729 3977 carentiam
739 3911 825 3977 vltra
836 3911 923 3994 quod
939 3911 1060 3977 debeat
1076 3917 1223 3976 moretur

100 4017 134 4079 in
149 4019 244 4084 mari:
266 4018 415 4084 volumus
432 4024 465 4083 et
489 4026 544 4084 tue
560 4017 714 4083 fidelitati
740 4019 799 4084 sub
826 4018 963 4084 obtentu
989 4019 1095 4098 gratie
1110 4021 1223 4081 nostre

98 4123 233 4192 firmiter
249 4133 283 4190 et
298 4125 449 4190 districte
474 4125 683 4209 precipiendo
699 4125 899 4206 mandemus,
924 4129 1085 4206 quotenus
1112 4123 1225 4189 statIm

93 4235 227 4315 receptis
244 4233 450 4317 presentibus
472 4233 560 4296 omni
591 4254 683 4298 mora
715 4239 748 4297 et
778 4233 947 4297 occasione
978 4231 1122 4316 remotis,
1152 4235 1221 4298 tres

93 4338 176 4404 alias
193 4342 304 4424 galeas
330 4343 400 4406 siue
421 4341 634 4420 Venetorum,
662 4341 731 4405 siue
755 4340 978 4422 quorumlibet
1002 4346 1223 4430 mercatorum

92 4445 154 4510 sub
169 4448 313 4532 expausis
330 4445 429 4514 Ciuis
454 4453 566 4512 nostre
586 4468 685 4531 vsque
709 4453 840 4529 portum
866 4447 890 4512 J
893 4446 971 4514 edre
998 4447 1168 4528 conducas,
1185 4446 1224 4510 il·

138 4579 232 4620 uonuu.
249 4581 333 4619 uero.
347 4581 414 4619 msr.
431 4587 474 4603 -
491 4581 557 4618 ncrn
573 4581 631 4619 sxr.
648 4581 666 4618 ι.
1097 4555 1118 4617 S
