3222 5240
319 349 382 409 332
668 363 901 410 nrrnonnczmr
928 353 1094 410 snnbrsn.

317 524 456 591 Camere
467 523 546 588 dicti
555 522 658 588 Ducis
669 543 730 607 pro
741 525 849 608 gagijs
861 525 927 589 suis
944 525 1102 592 mensium
1118 526 1211 610 JuniJ'
1230 532 1263 589 et
1277 523 1360 610 Juhj
1377 527 1445 593 III.

316 632 503 699 indictionis
520 639 580 698 etc.
606 669 1099 682 ------
1144 636 1251 700 tareni
1282 633 1446 700 XXIIII.

423 737 638 808 Auctoritate
663 743 757 807 vnius
780 741 928 807 mandati
952 741 1050 829 Regij
1078 742 1200 807 eisdem
1217 741 1449 828 Thesaurarijs

317 849 440 932 directi,
457 851 516 916 sub
530 848 670 934 Neapolj
697 848 750 915 die
780 855 896 916 octavo
920 849 1122 936 Septembris
1154 850 1220 916 111.
1247 850 1446 932 indictionis,

317 957 407 1024 cuius
422 963 518 1024 tenor
549 959 671 1023 seriose
701 963 838 1024 notatur
863 957 897 1022 in
922 959 1073 1042 predicta
1095 959 1284 1042 precedenti
1316 959 1447 1024 ratione

319 1065 482 1131 dictorum
498 1065 620 1130 domini
636 1064 791 1151 Riccarij‚
807 1064 961 1149 Magistri
978 1066 1144 1152 Rayneldi
1159 1073 1192 1132 et
1207 1066 1366 1148 Magistri
1380 1066 1449 1132 An·

320 1173 386 1258 geli
401 1173 500 1254 facta,
514 1194 574 1256 per
589 1179 694 1240 totum
710 1173 834 1240 XXIL
858 1174 945 1240 diem
959 1175 1079 1240 mensis
1094 1173 1291 1240 Nouembris
1306 1173 1452 1240 eiusdem

322 1281 386 1347 111
418 1280 603 1346 indictionis
635 1281 676 1348 de
708 1281 871 1349 soluendis
901 1281 1041 1348 Nioolao
1072 1281 1138 1348 filio
1169 1281 1256 1362 dole,
1281 1279 1452 1365 Stephano

324 1388 438 1472 Sueth,
453 1397 485 1455 et
515 1389 656 1458 Nicolao
686 1389 756 1455 filio
785 1390 930 1472 nutricis,
953 1388 1097 1475 Vngaris
1127 1390 1289 1456 scutiferis
1313 1388 1455 1458 Camere

323 1497 462 1581 predicti
479 1498 601 1564 domini
613 1496 716 1563 Ducis
732 1497 885 1567 Calabrie
900 1519 962 1584 pro
973 1500 1080 1585 gagijs
1111 1520 1222 1564 eorum
1239 1522 1260 1564 a
1276 1498 1328 1563 die
1344 1499 1452 1581 primo

323 1607 444 1670 mensis
461 1603 616 1672 Octobris
648 1605 735 1671 dicte
760 1606 827 1672 III.
843 1607 1030 1672 indictionis
1065 1609 1197 1674 inantea
1222 1607 1262 1671 de
1286 1627 1396 1672 mense
1413 1606 1452 1669 in

325 1734 466 1778 mensem
481 1714 516 1778 in
531 1713 693 1798 principio
708 1715 828 1780 mensis
853 1714 1036 1795 cuiuslibet,
1062 1715 1104 1780 sd
1129 1715 1291 1780 rationem
1308 1713 1349 1779 de
1365 1720 1455 1778 tare-

326 1801 376 1888 nis
392 1821 507 1904 viginti
523 1829 596 1886 octo
613 1827 646 1886 et
660 1823 771 1905 granis
787 1821 897 1888 decem
926 1845 986 1906 pro
1003 1823 1150 1907 quolibet
1164 1845 1276 1889 eorum
1292 1843 1351 1906 per
1367 1843 1456 1886 men-

328 1949 404 2008 sem,
420 1926 522 1996 doneo
547 1930 673 1996 scilicet
696 1933 729 1995 in
755 1931 852 1996 dictis
877 1931 1020 2015 seruitijs
1050 1931 1195 1996 eiusdem
1211 1933 1334 1998 domini
1350 1930 1457 1995 Ducis

329 2059 454 2103 moram
469 2039 609 2119 trahent,
620 2039 661 2103 de
672 2059 736 2121 quo
744 2038 821 2104 fidei
830 2040 990 2106 dictorum
1000 2039 1292 2106 Thesaurariornm
1304 2039 1459 2104 dominus

329 2145 402 2212 Rex
416 2144 546 2213 inheret
560 2154 620 2213 etc.
634 2155 672 2213 ut
689 2168 796 2231 supra.

438 2272 628 2340 Satisfactio
643 2275 765 2342 eisdem
781 2275 925 2360 Vngaris
956 2276 1062 2344 tribus
1092 2276 1132 2340 de
1163 2275 1320 2359 predictis
1349 2271 1460 2356 gagijs

329 2404 439 2448 eorum
454 2384 497 2448 ad
514 2387 675 2450 rationem
691 2386 870 2469 predictam
895 2408 954 2470 per
978 2391 1084 2452 totum
1099 2405 1242 2451 mensem
1258 2381 1458 2449 Nouembris

331 2491 415 2556 dicte
446 2491 512 2556 III.
537 2493 734 2575 indictionis,
757 2494 842 2560 siout
858 2495 892 2560 in
908 2495 1036 2560 ratione
1053 2494 1214 2560 dictornm
1229 2492 1350 2558 domini
1380 2491 1460 2556 Rio-

330 2599 584 2682 carij‚Megistri
600 2601 775 2685 RaJnaldi,
792 2609 826 2668 et
840 2601 995 2687 Magistri
1011 2601 1133 2688 Angeli
1145 2601 1224 2667 dicti
1249 2600 1461 2685 precedentis

330 2707 489 2790 temporis
505 2710 697 2776 continetur.

438 2814 502 2881 Die
526 2815 612 2885 XII.
643 2819 780 2902 predicti
812 2820 931 2888 mensis
954 2818 1148 2886 Decembris
1178 2817 1246 2884 III.
1270 2816 1461 2882 indictionis

333 2921 475 3008 Neapolj
493 2923 599 2990 solute
615 2931 691 2991 sunt
705 2927 868 3010 predictis

333 3066 472 3136 Nicolso
488 3068 654 3154 filioJule
765 3091 774 3223 Ι
817 3053 963 3139 Vngeris
996 3055 1158 3120 scutiferis
1183 3053 1321 3156 predicti
1339 3051 1462 3117 domini

332 3175 500 3260 Stephano
519 3177 632 3260 sueth
814 3143 918 3210 Ducis
930 3143 1085 3212 Calabris
1096 3166 1155 3228 pro
1171 3145 1260 3246 gagiJ
1247 3144 1402 3227 J'seorum
1419 3140 1463 3205 ad

332 3282 550 3350 Nlcolaofflio
567 3286 716 3354 Nutricis
762 3227 779 3380 s
815 3236 998 3319 predictam
1037 3237 1195 3300 rationem
1235 3234 1268 3298 in
1299 3231 1464 3298 cerolenis

816 3326 945 3409 argenti
969 3325 1059 3390 vncie
1075 3325 1114 3390 II
1130 3332 1191 3389 tar.
1212 3320 1320 3390 XXV
1345 3343 1392 3405 gr
1410 3318 1459 3386 X

331 3429 395 3494 Die
411 3427 570 3496 XVIIII.
580 3430 719 3515 predicti
729 3451 848 3497 mensis
857 3433 883 3499 J
884 3453 1013 3517 ennarrJ

960 3540 1051 3605 vncie
1076 3539 1116 3604 II
1150 3547 1190 3603 tr.
1216 3536 1325 3606 XXV
1352 3559 1399 3620 gr.
1415 3534 1464 3601 X.

328 3646 394 3714 Die
409 3643 650 3731 VIL'predicti·
663 3649 782 3714 mensis
794 3648 965 3732 Februarij
984 3655 1042 3712 etc.
1060 3655 1096 3713 nt
1112 3667 1212 3731 snpra

1002 3755 1095 3822 vncie
1110 3754 1149 3820 II
1170 3760 1210 3820 tr.
1227 3751 1337 3822 XXV
1355 3775 1403 3836 gr.
1421 3750 1463 3818 V.

328 3863 393 3930 Die
410 3862 491 3930 VII.
504 3864 645 3947 predicti
662 3864 782 3930 mensis
798 3864 912 3930 Martii
930 3871 1042 3929 stent
1058 3885 1157 3947 snpra

974 3971 1065 4037 rncic
1080 3970 1120 4036 II
1152 3977 1192 4034 tr.
1224 3967 1334 4036 XXV
1352 3989 1398 4052 gr.
1427 3967 1463 4032 X

325 4080 390 4146 Die
406 4071 510 4149 VIII.
526 4081 666 4165 predicti
693 4081 811 4147 mensis
836 4079 966 4164 Aprilis
984 4087 1043 4146 etc.
1060 4089 1097 4145 ut
1114 4099 1214 4162 supra

979 4189 1071 4254 rncie
1095 4185 1136 4252 II
1159 4193 1198 4251 tr.
1223 4183 1335 4251 XXV
1351 4205 1400 4266 gr.
1418 4182 1463 4250 X
1593 4205 1602 4214 ·

326 4297 389 4364 Die
405 4297 527 4366 VIIII.
561 4299 699 4384 predicti
730 4301 851 4368 mensis
875 4299 958 4382 Maij
978 4304 1039 4362 etc.
1056 4303 1092 4360 ut
1109 4316 1213 4378 suprs

981 4407 1074 4471 vnoio
1091 4403 1131 4468 ΙΙ
1156 4410 1197 4468 tr.
1220 4398 1328 4484 XXV
1355 4421 1401 4482 gr.
1426 4395 1462 4462 X
