3222 5240
418 317 482 378 336
769 331 1006 378 autonomi
1023 318 1192 378 nannum.

409 489 496 554 facta
522 489 565 553 sit
588 489 628 553 de
653 489 860 570 exhibitione,
887 487 1048 553 solutione
1064 497 1097 552 et
1113 489 1336 572 assignatione
1352 491 1451 554 totius
1468 512 1528 573 pre-

410 597 496 662 dicte
522 597 717 680 quantitatis
744 597 879 679 pecunie
905 601 1018 660 nostre
1035 593 1136 660 Ourie
1162 595 1260 679 plena
1276 595 1359 660 fides
1374 597 1528 679 predictas

408 706 518 769 vncias
545 703 634 770 mille
661 703 817 770 ducentas
843 703 1085 787 quinquaginta
1109 703 1270 768 exhibitas
1296 724 1335 770 ao
1361 705 1480 769 solutas
1501 713 1528 768 et

410 814 596 898 assignatas
620 797 678 896 per
703 821 736 877 te
761 811 856 877 modo
880 813 1050 895 premisso,
1066 811 1129 877 tibi
1145 817 1257 876 tenore
1274 815 1472 895 presentium
1486 833 1529 877 ac·

411 929 591 1005 ceptantes,
608 929 641 987 et
651 921 788 986 heredes
804 927 837 985 et
853 941 1055 988 successores
1070 925 1145 985 tuos
1161 921 1202 986 ab
1213 921 1302 984 omni
1318 942 1412 1002 nexu,
1422 927 1530 1004 quotu,

412 1026 491 1093 dicti
506 1025 642 1093 heredes
658 1035 692 1093 et
705 1048 916 1110 successores
932 1049 971 1092 ac
986 1027 1073 1092 bona
1090 1033 1146 1091 tua
1157 1027 1272 1090 essetis
1283 1032 1528 1111 proptereanos

409 1143 458 1200 tre
469 1134 569 1201 Ourie
580 1156 732 1218 expresse
742 1134 793 1200 vel
813 1135 914 1200 tacite
931 1134 1077 1218 obligati,
1093 1134 1276 1214 liberamus,
1292 1134 1488 1201 absoluimus
1501 1141 1528 1200 et

408 1250 566 1327 perpetuo
585 1243 786 1325 quictamus3
812 1244 860 1306 ita
877 1243 965 1324 quod
982 1241 1071 1308 nnilo
1087 1263 1229 1326 vnqusm
1239 1249 1387 1326 tempore
1397 1248 1440 1324 tu,
1457 1242 1527 1308 dicti

411 1351 545 1417 heredes
556 1358 590 1418 et
600 1372 812 1430 successores,
828 1348 1110 1434 acbonaprcfats,
1124 1371 1183 1433 per
1200 1371 1267 1432 nos,
1283 1350 1419 1416 heredes
1429 1358 1461 1415 et
1469 1372 1527 1414 suc-

406 1479 551 1525 cessores
576 1464 705 1525 nostros
732 1458 864 1542 possitis
890 1459 1005 1542 impeti
1031 1466 1084 1521 vet
1101 1458 1235 1540 requiri,
1251 1456 1308 1522 sed
1322 1479 1447 1541 semper
1463 1459 1526 1523 sitis

408 1565 524 1632 exinde
539 1565 645 1646 liberi,
671 1564 815 1632 absoluti
832 1570 866 1629 et
881 1570 1040 1648 perpetuo
1060 1563 1209 1646 quietati,
1226 1565 1286 1629 has
1303 1571 1432 1628 nostras
1447 1564 1526 1629 licte-

411 1696 466 1739 ras
492 1673 555 1739 tibi
570 1672 603 1737 in
619 1672 715 1738 huius
741 1673 788 1756 rej
808 1673 1030 1737 testimonium
1047 1671 1277 1752 concedentes;
1303 1679 1413 1737 nostre
1429 1679 1526 1738 tamen

416 1779 515 1845 Curis
533 1787 715 1862 reseruato,
733 1779 822 1862 quod
838 1781 867 1844 si
883 1799 1038 1862 processu
1054 1777 1210 1862 temporis
1227 1779 1414 1844 inueniatur
1423 1786 1456 1845 te
1464 1781 1527 1862 plus

409 1889 567 1973 recepisse
584 1912 604 1953 a
620 1888 767 1972 predicta
782 1895 897 1953 nostra
913 1885 1023 1967 Curia,
1039 1897 1072 1953 et
1087 1888 1194 1953 minus
1211 1887 1348 1952 soluisse
1365 1909 1404 1953 ac
1419 1909 1526 1970 expen-

408 1996 496 2063 disse
506 2001 541 2061 et
551 1997 743 2080 assignasse,
760 2017 858 2078 quam
869 2018 931 2081 que
948 2016 1048 2079 supra
1064 1995 1284 2078 distinguitur,
1301 1994 1424 2060 nullum
1439 2016 1528 2078 prop

409 2110 501 2171 terea
517 2103 732 2189 preiudicium
748 2109 859 2168 nostre
875 2103 975 2169 Curie
992 2106 1174 2186 generetur,
1191 2101 1248 2166 ssd
1264 2100 1347 2166 illud
1362 2123 1433 2166 cum
1451 2121 1526 2186 pena

410 2218 537 2278 statuta
561 2212 597 2276 in
621 2210 744 2276 talibus
765 2209 892 2275 soluere
908 2209 993 2274 dicte
1009 2205 1111 2274 Ourie
1127 2207 1277 2274 tenearis.
1312 2207 1433 2273 Datum
1451 2207 1528 2274 Nea

411 2322 478 2406 polj
496 2342 555 2405 per
570 2319 753 2403 Magistros
768 2317 962 2382 Rationales
979 2315 1101 2398 Magne
1126 2323 1237 2381 nostre
1254 2315 1354 2382 Ourie
1371 2339 1453 2382 anno
1470 2316 1528 2381 Do-

411 2429 490 2495 mini
506 2427 561 2492 Μο
577 2423 682 2493 000ο
697 2423 863 2492 XXXV⁰
880 2425 931 2490 die
948 2423 1102 2489 XXIII⁰
1117 2425 1234 2508 Martij
1253 2423 1317 2488 III.
1343 2425 1530 2503 indictionis

411 2533 601 2617 Regnorum
617 2539 805 2600 nostrorum
821 2554 908 2599 anno
925 2531 1084 2600 XXVII.

520 2695 556 2758 (Δ
568 2697 651 2760 »Bag
662 2697 813 2760 Angioini«
825 2696 858 2746 A.
870 2700 929 2746 297.
941 2710 978 2744 az.
988 2695 1057 2758 Reg.
1068 2694 1186 2745 Roberti
1196 2694 1228 2744 R.
1239 2695 1297 2744 kdt.
1309 2699 1369 2743 211.
1380 2695 1447 2756 lev.;
1461 2708 1487 2743 u.
1498 2695 1529 2752 c.)

895 2837 1057 2848 Μ

852 3041 854 3046 ’
942 3075 1015 3138 sss.

442 3237 559 3304 Botere
577 3235 704 3322 Kdroly
729 3258 871 3323 mappas·
886 3233 1000 3321 kirtly
1015 3231 1153 3318 ndpclyi
1168 3233 1392 3298 tarrozkodcsa
1408 3231 1503 3298 alatri

641 3344 840 3410 adcardnak
857 3343 1037 3410 e'lelmeklcel
1055 3342 1200 3406 elldtdsa.
1218 3339 1314 3404 1335.

560 3545 576 3586 r
770 3573 777 3588 .

518 3521 689 3698 Robzrdud
701 3545 768 3696 retd
815 3629 953 3714 Ypolito
970 3626 1242 3726 Centumhominj,
1266 3625 1412 3692 Johanni
1429 3623 1530 3690 Carni·

413 3740 461 3806 sio
486 3741 693 3824 macellarijs,
720 3739 877 3822 Philippo
893 3739 1047 3816 Dmanti,
1071 3735 1217 3801 Muttulo
1243 3733 1284 3798 de
1301 3732 1479 3798 Ostherina
1493 3729 1529 3794 de
1600 3805 1602 3820 1

301 3835 304 3840 ’
412 3845 535 3930 Melfia,
551 3847 791 3914 confectoribus
808 3853 840 3910 et
856 3845 953 3930 sccijs
969 3843 1118 3909 fidelibus
1135 3841 1256 3907 nostris
1273 3847 1333 3904 etc.
1365 3839 1529 3903 Inuenitur
1600 3871 1602 3894 .

410 3978 469 4041 per
495 3962 672 4039 quaternos
688 3955 885 4022 Arestorum
901 3955 941 4017 ds
961 3953 1108 4036 expensis
1124 3949 1220 4015 iactis
1237 3970 1295 4033 per
1313 3946 1447 4012 Ouriam
1462 3965 1530 4008 nos·
1600 3959 1602 4008 t

411 4071 497 4131 tram
526 4065 606 4130 olim
631 4065 721 4128 intra
746 4084 865 4127 annum
893 4081 996 4144 nuper
1013 4061 1123 4144 elapse
1139 4058 1188 4122 II.
1203 4056 1390 4122 indictionis
1405 4053 1528 4120 Illustri
1600 4109 1601 4148 ÷

412 4174 542 4240 domino
558 4170 644 4255 Regi
655 4169 801 4255 Vngarie
816 4170 929 4252 nepoti
943 4174 1055 4234 nostro
1073 4165 1251 4247 carissimo,
1268 4173 1300 4230 et
1315 4165 1405 4248 genti
1419 4163 1488 4226 eius
1503 4161 1529 4222 in
1599 4185 1601 4232 ;

413 4280 557 4347 aduentu
574 4300 631 4346 suo
647 4279 687 4344 de
704 4277 854 4362 partibus
874 4275 1047 4341 Sclauonie
1063 4273 1097 4338 in
1118 4273 1278 4356 Regnum,
1297 4293 1354 4338 vos
1366 4267 1530 4352 Ypolitum
1600 4311 1601 4358 3

414 4397 447 4453 et
462 4389 650 4455 ‚Iohannem
674 4387 772 4452 fuisse
797 4391 939 4450 statutos
963 4405 1023 4468 pro
1042 4391 1137 4469 parte
1155 4380 1255 4446 Curis
1270 4401 1367 4462 super
1381 4376 1529 4444 venditio

414 4518 486 4562 nem
513 4499 706 4563 interiorum
737 4495 928 4562 animalium
953 4493 1051 4559 Curis
1077 4490 1333 4571 subscriptorum
1356 4485 1529 4552 occisorum
1599 4485 1601 4578 j
