3234 5238
752 349 987 404 nieuounczmr
1004 340 1172 400 suntuna.

940 539 993 598 35:

397 664 426 726 Ι.
460 659 585 748 Karoly
617 661 745 727 sicilici
788 663 970 748 kirdlynalc
1011 664 1045 726 V.
1078 664 1191 725 Isinda
1231 683 1369 746 arr-appar
1403 661 1512 744 kirdly

393 772 507 838 haldla
530 775 610 835 surda
636 793 653 828 a
679 772 948 858 mapparorszdpi
966 771 1138 835 rendelcbez
1156 770 1281 833 irctdzett
1305 769 1406 833 levale.
1423 772 1513 833 1272.

501 948 762 1014 Beronibus
787 949 931 1030 Regni
955 945 1158 1032 Vngarie
1192 937 1515 1012 consolatorie.

508 1051 674 1140 S'criptum
693 1065 741 1120 est
759 1057 916 1120 uniuersis
927 1055 1080 1136 Prelatis,
1092 1056 1274 1121 Comitibus
1286 1063 1317 1120 et
1328 1054 1513 1121 Batonibus

395 1186 454 1249 per
471 1164 663 1248 Vngariam,
679 1163 889 1241 Dalmatiam,
915 1161 1099 1250 Gallicam,
1117 1166 1266 1244 Ramam,
1283 1163 1442 1246 Seruium,
1460 1165 1516 1229 Lo-

395 1273 581 1365 domeriam,
599 1272 792 1338 Cumaniam
809 1279 841 1336 et
857 1273 1049 1353 Bulgariam
1073 1273 1267 1339 constitutis,

504 1379 629 1463 'letigit
656 1379 765 1443 fideles
792 1387 924 1444 cunctos
956 1381 1152 1446 intrinsecus
1183 1386 1213 1444 et
1243 1379 1275 1444 in
1308 1381 1516 1446 concussione

397 1489 566 1574 columpne
582 1497 650 1552 tarn
666 1489 783 1553 nobilis
800 1493 905 1552 status
923 1485 1090 1553 Oatlrolice
1114 1488 1190 1552 fidei
1217 1487 1431 1553 stabilitatem
1448 1488 1517 1552 soli·

399 1597 471 1662 dam
491 1597 734 1679 substentantis,
751 1617 809 1660 nos
826 1619 895 1660 cum
923 1597 1049 1678 ceteris
1066 1597 1129 1660 imo
1156 1618 1213 1679 pre
1229 1599 1347 1660 ceteris
1362 1597 1520 1680 Principi-

402 1703 463 1768 bus
480 1705 648 1769 ortodouis
666 1704 901 1787 conlingiuium
929 1713 962 1768 et
978 1705 1112 1780 iactura,
1134 1727 1230 1786 quam
1247 1727 1306 1768 nos
1324 1727 1525 1770 communem

399 1813 551 1892 omniurn,
567 1815 731 1896 propriam
747 1819 857 1876 tamen
884 1814 1069 1896 specialiter
1100 1813 1325 1896 depl01·arnus;
1342 1813 1417 1878 dum
1436 1814 1520 1878 clare

398 1923 550 1988 memorie
567 1921 714 1986 dominus
741 1919 953 2006 St(ephanus)
979 1919 1126 2004 Vagarie
1152 1922 1224 1988 Rex
1254 1920 1462 2006 Magnificus,
1481 1921 1524 1986 di-

399 2030 501 2094 lectus
519 2028 626 2094 affinis
642 2035 761 2110 noster,
778 2030 1019 2112 progenitorum
1040 2052 1168 2096 suorum
1185 2031 1217 2094 in
1245 2029 1436 2096 defensione
1452 2031 1527 2095 fidei

398 2147 431 2202 et
446 2138 610 2202 libertatis
636 2138 853 2202 ecclesiastice
885 2137 1041 2216 imitator,
1067 2140 1137 2221 ipso
1169 2140 1307 2220 volente,
1335 2139 1389 2220 qui
1416 2139 1525 2203 aufert

401 2265 490 2328 spem
507 2244 706 2328 Principum,
723 2253 755 2309 et
771 2245 876 2328 legem
893 2247 1006 2310 mortis
1032 2247 1178 2312 omnibus
1204 2246 1282 2312 fecit
1299 2268 1368 2312 esse
1386 2268 1526 2310 comaru-

403 2374 485 2432 nem,
503 2353 541 2417 de
559 2353 663 2418 medio
681 2361 730 2418 est
746 2353 901 2420 sublatus.
919 2353 1073 2419 Profecto
1084 2355 1194 2437 grauis
1210 2359 1260 2418 est
1276 2354 1377 2434 dolor,
1394 2361 1426 2418 et
1442 2353 1526 2419 tanti

404 2482 499 2526 casus
514 2462 688 2545 Principis,
706 2461 791 2547 (qui)
808 2464 953 2545 grauiter
969 2463 1087 2528 inultos
1111 2464 1228 2544 tangit,
1239 2463 1284 2528 sic
1301 2484 1359 2527 nos
1379 2461 1527 2545 speciali·

401 2574 452 2634 ter
467 2564 596 2635 afficere
613 2572 765 2653 noscitur,
793 2573 849 2653 qui
880 2593 938 2654 per
970 2571 1141 2637 affinitatis
1157 2577 1189 2636 et
1205 2573 1345 2636 amicitie
1362 2571 1525 2637 vinculum

402 2677 673 2744 indissolubiliter
690 2680 862 2758 coniuncti,
874 2681 928 2762 qui
954 2701 1032 2744 unus
1058 2688 1087 2743 et
1114 2680 1198 2743 idem
1231 2702 1302 2744 cum
1319 2681 1390 2763 ipso
1406 2679 1529 2745 mutuis

402 2787 623 2854 voluntatibus
658 2788 877 2852 censebamur.
902 2786 1025 2854 Verum
1051 2787 1126 2852 licet
1151 2787 1250 2853 multe
1266 2789 1329 2854 sint
1347 2809 1448 2862 cause,
1467 2809 1530 2870 que

402 2901 534 2981 possent
559 2915 730 2960 occurrere
741 2896 782 2960 ad
800 2895 984 2959 huiusmodi
997 2895 1137 2979 ingentis
1154 2895 1275 2960 doloris
1292 2895 1527 2960 vehementiam

401 3005 666 3089 exprimendam:
684 3005 761 3087 quia
785 3009 895 3068 tamen
912 3025 975 3068 non
1002 3005 1131 3087 expedit
1164 3004 1333 3068 materiam
1349 3025 1529 3085 exagerare

402 3113 542 3192 dolendi,
568 3134 626 3177 nec
652 3113 841 3177 immensum
867 3117 982 3177 contra
1008 3113 1182 3179 iussionem
1215 3113 1346 3179 Domini
1380 3113 1528 3178 dolorem

402 3220 573 3303 excedere3
589 3242 638 3300 ne,
655 3221 742 3303 quod
759 3221 854 3301 absit,
870 3243 984 3285 nomen
1011 3222 1114 3302 ipsius
1132 3220 1319 3286 exeucerbari
1337 3223 1528 3304 contingat:

403 3327 445 3393 ad
463 3329 691 3392 consolationis
716 3329 826 3412 potius
852 3328 1028 3394 remedium
1056 3349 1271 3409 recurramus,
1302 3334 1334 3391 et
1365 3329 1527 3394 solamine

402 3442 565 3519 resumpto
590 3437 623 3500 in
650 3457 696 3518 eo,
723 3438 778 3518 qui
804 3445 852 3501 est
879 3437 1020 3502 omnium
1046 3437 1237 3516 consolator,
1255 3435 1342 3500 illius
1358 3437 1477 3515 anime,
1503 3437 1528 3499 si

399 3543 484 3608 forte
517 3545 640 3626 aliquid
658 3547 782 3610 macule
799 3547 831 3610 in
848 3546 919 3629 ipsa
946 3546 1146 3627 remanserit,
1172 3545 1253 3608 sicut
1272 3545 1305 3607 in
1322 3545 1472 3611 omnibus
1490 3567 1529 3609 ex

400 3651 538 3716 burnane
554 3659 669 3716 nature
686 3652 815 3718 defectu
833 3643 866 3717 e't
876 3652 1055 3735 fragilitate
1068 3649 1234 3734 contingit,
1251 3657 1283 3714 vt
1299 3649 1529 3734 perDiuinani

401 3760 613 3841 abstergatur
629 3761 895 3841 inisericordiam,
912 3762 1094 3825 orationum
1105 3765 1138 3824 et
1148 3759 1400 3824 elemosinarum
1412 3759 1529 3826 suffra-

401 3869 461 3950 giis
494 3867 682 3949 adiuuetur3
716 3869 912 3934 adhibeatur
929 3889 1055 3950 quoque
1072 3867 1258 3936 sollicitudo
1274 3869 1439 3946 contiuua,
1454 3869 1529 3934 dili·

401 3977 512 4056 geutia
529 3973 640 4040 debita
666 3983 698 4040 et
723 3977 867 4060 1u·ouisio
895 3976 1057 4040 salutaris.
1083 3973 1155 4058 Que
1174 3973 1251 4038 licet
1267 3981 1332 4038 tam
1350 3975 1529 4057 Magnifice

401 4085 527 4148 domine
544 4083 742 4170 Y(sabcllc),
757 4087 820 4152 Dei
836 4087 944 4169 gratia
962 4083 1105 4150 Illustris
1121 4082 1246 4165 Regino
1257 4079 1524 4166 Vngarie,quam

401 4194 475 4256 nom
493 4192 593 4275 Regis
624 4193 789 4278 Ladiclap,
821 4193 986 4257 karissimi
1018 4191 1128 4272 generi
1153 4190 1266 4268 nostri,
1297 4190 1399 4253 totius
1415 4189 1528 4272 Regni

402 4305 505 4362 status
521 4300 643 4364 nullam
661 4305 788 4366 omniuo
807 4302 1052 4366 diminutionem
1070 4297 1200 4363 honoris
1218 4296 1266 4362 rel
1276 4298 1366 4380 pacis
1383 4299 1529 4376 seutiat3

403 4406 458 4468 sed
477 4406 650 4472 comitante
668 4410 784 4475 uirtute
802 4411 934 4493 Diuina‚
950 4414 982 4473 ut
1000 4415 1146 4472 seruetur
1157 4405 1333 4472 salubriter
1343 4410 1376 4470 et
1387 4402 1528 4469 feliciter

403 4512 572 4595 dirigatur.
589 4512 656 4578 Vos
672 4517 773 4598 igitur
789 4523 942 4598 tanquam
958 4514 1069 4579 fideles
1095 4511 1217 4578 subditi
1244 4518 1277 4575 et
1301 4509 1422 4592 deuoti,
1439 4529 1522 4591 erga
