3174 5236
344 322 386 381 86
462 375 466 383 ,
713 332 951 376 nrenoaaozrar
967 321 1134 376 austras

349 497 474 578 gotium
490 491 601 574 Regni
616 491 719 556 nostri
754 491 908 574 Vngarie,
940 513 980 555 ao
1011 490 1094 555 velle
1117 489 1297 554 feruentius
1329 488 1469 574 prosequi

352 600 416 664 iam
434 603 643 680 assumptum.
661 595 732 660 Nos
749 599 858 680 itaque
875 599 1095 662 sinceritatem
1107 604 1248 660 vestram
1259 597 1364 679 dignis
1378 595 1471 660 laudi·

353 707 415 773 bus
432 709 677 789 prosequentes
692 709 839 768 ortamur
855 705 1052 786 requirimus
1068 710 1102 768 et
1126 703 1329 782 mandamus,
1344 709 1377 766 ut
1392 700 1468 784 quod

357 811 569 880 laudabiliter
601 811 778 892 incepistis,
810 813 1041 875 continuantes
1059 808 1256 876 laudabilius
1273 810 1308 873 in
1325 809 1471 890 futurum,

355 943 419 986 rna
435 943 508 986 oum
525 921 592 984 uiro
610 918 712 983 nobili
743 918 847 982 Paulo
878 919 973 984 Bano
1006 917 1180 984 Sclauouie
1204 920 1343 1002 aliisque
1367 917 1472 984 vestris

356 1029 496 1093 viriliter
512 1027 632 1092 curetis
662 1026 818 1090 resistere
849 1027 1021 1092 conatibus
1054 1027 1175 1110 prefati
1200 1025 1311 1110 Regni
1337 1025 1472 1110 Vagarie

357 1135 529 1202 inuasoris.
555 1133 638 1200 Viro
655 1134 787 1215 insuper
802 1133 942 1215 prouido
971 1138 1004 1197 et
1032 1132 1188 1216 religioso
1219 1131 1317 1199 fratri
1348 1133 1473 1216 Hugoni

358 1245 398 1310 de
416 1244 531 1310 Monte
548 1241 705 1307 Rotundo
723 1242 856 1324 speclali
874 1242 990 1306 nuncio
1017 1249 1050 1306 et
1080 1243 1237 1308 familiari
1254 1249 1376 1323 nostro,
1391 1263 1475 1325 quem

358 1353 399 1418 ad
418 1356 527 1434 partes
546 1351 638 1432 ipsas.
651 1348 837 1432 specialiter
850 1348 1061 1431 destinamus,
1076 1349 1109 1413 in
1125 1350 1283 1430 omnibus,
1304 1371 1367 1434 que
1383 1348 1477 1413 nostri

355 1461 489 1525 lionoris
506 1465 716 1541 augmentum
750 1456 933 1540 respicirmt,
964 1465 998 1521 et
1024 1459 1209 1542 specialiter
1233 1460 1267 1523 in
1280 1459 1434 1523 missione
1448 1460 1477 1519 et

355 1568 545 1633 remissione
563 1565 763 1646 nuntiorum,
779 1566 941 1630 assistatis
957 1565 1142 1630 efficacibus
1153 1545 1476 1649 consilijs‚i'auoi·ibns

359 1683 389 1738 et
407 1672 540 1755 auxilijs
557 1673 768 1755 opportunis;
786 1673 833 1737 ita
849 1673 935 1754 quod
968 1671 1104 1755 proinde
1135 1671 1264 1738 vberius
1297 1671 1476 1737 mereamini

359 1789 504 1846 nostram
521 1783 666 1864 graciam
683 1788 715 1845 et
733 1782 888 1846 sanorem.
905 1785 976 1850 Nos
993 1785 1079 1846 enim
1091 1782 1221 1847 labores
1232 1787 1476 1847 vestrosrestre·

360 1911 423 1974 que
438 1890 514 1954 fidei
531 1897 562 1954 ct
581 1891 792 1954 seruiciorum
809 1891 927 1954 merita
944 1892 987 1954 sic
1005 1890 1202 1956 intendimus
1227 1891 1369 1973 gratiose
1387 1887 1478 1971 respi·
1557 1913 1559 1920 ·

361 2021 444 2077 cere,
460 1999 570 2081 sicque
586 1997 854 2088 exaltaredfliguis
872 2000 1068 2080 premiorum
1085 1998 1360 2063 retribucionibus
1383 2019 1436 2060 vos
1451 2001 1480 2060 et

361 2110 497 2184 vestroe,
514 2105 600 2186 quod
616 2127 672 2169 ros
689 2109 721 2168 et
737 2083 800 2187 ipsi
831 2105 980 2168 sentiatis
1007 2104 1152 2186 plenarie
1178 2127 1239 2188 pro
1265 2105 1358 2169 nobis
1374 2103 1407 2168 in
1421 2123 1482 2186 pre

364 2214 462 2276 misso
480 2213 614 2294 negocio
631 2212 753 2276 utiliter
770 2211 945 2276 laborasse.
972 2212 1122 2278 Missioni
1148 2219 1258 2277 autem
1282 2211 1418 2295 subsidij
1435 2231 1483 2292 ga·

362 2319 488 2384 learum
505 2321 546 2382 ad
566 2327 677 2402 partes
693 2320 791 2402 ipsas,
817 2342 890 2384 cum
915 2321 1105 2385 retrocessit
1129 2320 1215 2385 idem
1240 2322 1384 2398 iuuas0r‚
1408 2317 1485 2382 sicut

364 2449 404 2490 ex
421 2426 585 2492 relacione
603 2427 710 2509 nuncij
730 2428 877 2491 vostrist
894 2427 1032 2491 aliorum
1050 2449 1152 2510 nuper
1168 2429 1364 2510 accepimus,
1381 2444 1484 2508 super-

365 2533 514 2598 sedemus
531 2533 574 2595 ad
590 2554 730 2614 presens.
741 2534 954 2598 intendentes
973 2534 1104 2624 fauente
1115 2533 1257 2599 Domino
1283 2532 1435 2599 celeriter
1450 2529 1487 2594 ad

366 2643 479 2722 partes
498 2639 630 2704 casdem
649 2641 811 2706 vicarium
854 2646 1002 2706 nostrum
1029 2641 1217 2724 promittere
1243 2663 1316 2706 cum
1340 2640 1488 2705 decentie

365 2745 552 2812 honorabili
567 2748 739 2828 comitiua3
755 2753 787 2812 et
803 2748 919 2812 deinde
935 2748 1097 2814 duceDeo
1113 2749 1330 2832 personaliter
1337 2769 1396 2814 nos
1412 2747 1491 2812 con-t

369 2852 459 2918 ferre
477 2854 520 2918 ad
535 2854 667 2919 finalem
692 2855 914 2922 confusionem
940 2857 1101 2922 inuasoris
1127 2856 1272 2920 eiusdem
1303 2869 1490 2934 suorumque

369 2962 557 3043 sequacium
573 2968 607 3026 et
622 2962 793 3044 factorum,
811 2969 844 3028 et
859 2985 1051 3046 prosperum
1076 2985 1114 3028 ac
1130 2963 1346 3045 tranquillum
1377 2966 1490 3026 statum

368 3067 491 3152 prefati
506 3069 615 3152 Regni
641 3070 797 3153 Vngarie,
823 3093 861 3136 ac
888 3071 1121 3136 exaltationem
1147 3077 1298 3152 vestram,
1314 3077 1489 3135 uestrorum

370 3181 403 3240 et
419 3175 559 3240 aliorum
577 3177 729 3258 omnium,
745 3179 800 3260 qui
817 3179 959 3260 diligunt
989 3200 1105 3243 nomen
1121 3185 1279 3243 nostrum.
1310 3177 1388 3244 Huc
1402 3175 1491 3240 etiam

371 3283 510 3347 tendunt
525 3283 710 3348 Illustrium
726 3284 827 3368 Regis
845 3291 878 3351 et
894 3285 1020 3369 Regine
1046 3286 1234 3351 Jerusalem
1261 3291 1295 3351 et
1311 3282 1420 3352 Sicilie
1435 3302 1486 3364 pa·

373 3395 501 3455 rentum
518 3397 712 3472 nostrorum,
729 3392 837 3456 studia
853 3395 1070 3476 cogitationes
1095 3398 1128 3456 et
1143 3395 1228 3474 vota,
1244 3401 1282 3459 nt
1299 3409 1490 3458 cumeorum

374 3502 408 3561 et
423 3495 562 3561 aliorum
578 3500 891 3580 consanguineorum
908 3507 940 3563 ct
966 3501 1144 3564 amicorum
1170 3522 1303 3565 suorum
1330 3507 1361 3564 et
1377 3503 1491 3564 nostro·

373 3625 445 3668 rum
466 3604 598 3688 auxilijs
623 3607 817 3687 premissam
842 3607 1054 3673 intentionem
1080 3614 1227 3672 nostram
1258 3624 1493 3690 prosequamur.

1575 3755 1577 3818 l

481 3877 517 3938 (A
533 3875 671 3939 «Registri
686 3875 823 3937 ingloria
844 3882 882 3925 12.
898 3877 993 3927 szaimu
1007 3879 1074 3942 Reg.
1090 3877 1189 3930 Karoli
1215 3871 1495 3927 11.kotetebolleve1e
1574 3823 1577 3892 l

375 3975 440 4011 nem
457 3962 537 4012 leven
557 3961 730 4026 megjeldlve,
744 3978 770 4012 u.
785 3966 823 4025 ο.)
1576 3973 1577 3976 ’
