3244 5236
404 291 468 378 tto
758 309 993 380 summetur
1010 293 1177 378 timisti.

402 493 432 560 si
457 492 614 574 viderent,
638 489 724 578 quod
749 511 802 558 res
826 490 927 559 iaciat
950 511 1012 576 pro
1027 492 1122 558 nobis
1139 496 1173 557 et
1189 495 1279 558 statu
1307 496 1431 574 nostro,
1446 487 1523 576 quod

403 600 499 668 detur
523 601 571 668 eis
596 599 695 684 plena
718 599 866 684 libertas,
882 619 955 664 cum
971 598 1088 684 quibus
1104 597 1168 664 sibi
1184 597 1355 682 videbitur,
1369 599 1523 666 tractandi

403 709 546 776 habendi
578 709 685 793 ipsum
711 713 855 774 oestrum
879 712 913 773 et
927 717 1051 774 terram
1078 703 1254 790 Scardone,
1286 713 1319 773 et
1350 707 1524 791 complendi

402 817 485 882 sicut
503 816 550 881 eis
561 816 675 882 melius
691 814 862 895 videbitur,
878 815 1038 898 possendo
1054 815 1246 898 promittere
1262 813 1419 898 usquead
1433 814 1524 881 libras

402 919 440 988 X
470 923 560 990 mille
591 943 783 1006 parvorum:
799 922 874 988 etsi
891 943 955 988 non
988 927 1124 1005 possent
1147 942 1210 1010 pro
1241 922 1314 1004 ipsu
1339 922 1524 1005 quantitate,

404 1036 541 1114 possent
556 1031 746 1115 promittere
765 1052 868 1115 usque
884 1031 927 1094 ad
943 1031 1065 1096 dictum
1082 1029 1318 1114 quantitatem,
1335 1036 1369 1094 et
1385 1030 1428 1116 id,
1446 1029 1523 1113 quod

403 1136 579 1205 habuerint
595 1145 627 1203 et
643 1136 788 1218 fecerint,
808 1135 903 1202 uobis
922 1137 1114 1204 rescribant.

512 1301 548 1364 (A
577 1301 688 1352 »Missi«
716 1301 808 1351 ozimii
833 1295 1316 1371 velenczeiJtltonskbnyvbblxlx.
1339 1301 1387 1349 ket
1414 1301 1524 1362 Ἅλον.)

934 1771 1007 1834 870.

441 1945 472 2018 Α
497 1944 648 2018 oeienczei
671 1947 902 2036 kormo'nynak
925 1949 1082 2015 reodelvte
1106 1943 1231 2036 tenqeri
1252 1945 1494 2038 paruncsnolcui
1602 2003 1604 2012 .

823 2062 983 2122 szdmdra.
1019 2060 1115 2122 1340.

514 2218 614 2285 Anno
646 2215 780 2283 Domini
809 2215 1014 2286 MCOOXL.
1046 2217 1100 2284 die
1126 2216 1231 2283 XIII.
1256 2217 1347 2284 Maii.
1371 2216 1525 2302 Capto;

292 2339 353 2436 ”X
413 2324 510 2408 Quod
529 2327 751 2392 committatur
760 2324 862 2391 Petro
872 2325 1075 2392 Mauroceno
1108 2325 1291 2409 Capitoneo
1324 2326 1418 2410 Culfi,
1447 2323 1525 2409 quod

410 2455 511 2498 unum
536 2432 577 2497 de
594 2435 659 2498 suis
676 2433 774 2516 liguis
790 2433 830 2498 de
847 2433 1060 2500 velocioribus
1076 2434 1247 2517 promittet
1262 2434 1305 2499 ad
1322 2441 1448 2499 nostros
1462 2452 1526 2516 pro

411 2541 531 2604 visores
548 2538 717 2606 Sclavouie
732 2562 807 2607 cum
824 2541 944 2606 litteris
961 2545 1091 2624 nostris,
1107 2563 1165 2626 per
1181 2563 1263 2625 quas
1279 2542 1441 2608 scribatur
1456 2541 1527 2624 ipsis

408 2647 641 2731 provisoribus,
665 2647 755 2730 quod
780 2648 1038 2733 deliberavimus,
1056 2650 1145 2732 quod
1161 2657 1290 2716 armata
1305 2649 1386 2715 dicti
1402 2647 1525 2731 Capitu-

406 2757 457 2820 nei
475 2777 547 2821 cum
559 2756 626 2822 suis
642 2755 766 2822 scilicet
776 2777 832 2822 sex
843 2756 943 2840 galeis
960 2758 1069 2822 veniat
1080 2757 1123 2822 ad
1139 2757 1227 2841 ipsas
1237 2763 1349 2841 portes
1360 2755 1526 2836 Sclavouie,
1601 2797 1603 2812 ι

405 2871 438 2928 et
462 2865 547 2929 sicut
571 2864 633 2949 ipsi
654 2863 769 2943 sciunt,
786 2871 914 2930 armeta
929 2864 1002 2947 ipss
1018 2865 1172 2932 ordinata
1187 2875 1239 2930 est
1254 2872 1286 2930 et
1302 2865 1459 2949 deputata
1471 2883 1525 2945 pro
1600 2863 1603 2942 j

404 2972 588 3038 calincione
615 2979 726 3040 nostre
752 2973 860 3056 gentis
885 2978 919 3038 et
944 2973 1148 3057 navigiorum
1172 2981 1368 3056 nostrorum,
1384 2994 1444 3055 que
1459 2975 1527 3038 sunt
1600 2951 1602 2966 ¹

403 3081 609 3147 conservaoio
632 3085 755 3144 nostre.
773 3076 896 3145 Verum
913 3084 1024 3144 tomen
1039 3078 1199 3145 babentes
1215 3080 1313 3146 etiam
1344 3079 1433 3144 cordi
1448 3078 1526 3142 lucta

404 3187 583 3269 Sclavonie,
608 3192 641 3250 et
667 3187 707 3250 de
733 3187 878 3270 ipsorum
894 3185 1077 3270 provisione
1093 3186 1180 3253 bona
1190 3187 1440 3269 considerantes,
1455 3186 1523 3269 quio

405 3299 479 3358 sunt
503 3293 671 3359 informati
696 3295 790 3378 plene
816 3294 856 3359 de
881 3294 1030 3362 omuibus
1054 3293 1162 3376 factis,
1187 3296 1215 3360 si
1240 3295 1415 3377 habebunt,
1439 3291 1526 3377 quod,

406 3399 480 3466 Rex
504 3400 674 3483 Vuugurie
701 3422 736 3466 se
760 3401 862 3466 movit
886 3423 946 3485 pro
971 3401 1197 3468 descendendo
1223 3403 1257 3469 in
1274 3400 1484 3479 Solavonism,
1498 3407 1527 3463 et

406 3508 494 3592 quod
524 3507 651 3574 brevius
683 3509 725 3574 sit
756 3515 922 3590 venturus,
952 3531 1012 3593 per
1028 3532 1091 3593 que
1123 3532 1207 3577 nova
1238 3511 1406 3577 videretur
1421 3510 1464 3575 eis
1479 3527 1527 3573 ne-

400 3637 489 3682 cesse
505 3635 566 3700 pro
583 3616 705 3680 honore
721 3623 832 3681 nostro
850 3622 883 3682 et
898 3618 1147 3683 conservatione
1165 3625 1353 3685 nostrorum
1368 3625 1526 3684 terrorum

401 3725 542 3790 retinere
558 3722 648 3788 dicta
665 3725 756 3808 ligno
774 3725 807 3790 in
824 3731 895 3790 toto
914 3725 964 3790 vel
981 3732 1095 3808 parte,
1111 3727 1325 3811 relinquimus
1342 3728 1403 3792 boc
1419 3729 1451 3792 iu
1465 3745 1521 3789 sua

401 3832 565 3917 libertate,
580 3831 732 3897 babendo
749 3838 932 3916 respectum
949 3833 982 3896 in
998 3855 1123 3899 omnem
1142 3855 1288 3918 operare3
1306 3836 1391 3902 sicut
1406 3829 1526 3916 deipsis

399 3960 578 4026 speramus,
594 3946 628 4007 et
644 3946 824 4024 propterea
854 3939 1060 4024 premisimus
1093 3941 1214 4007 dictum
1239 3942 1375 4026 lignum,
1390 3949 1426 4007 ut
1440 3959 1521 4007 susm

399 4049 669 4116 deliberationem
701 4050 834 4113 iuterim
866 4048 913 4112 de·
938 4048 1111 4114 retinendo
1145 4049 1269 4115 scilicet
1298 4051 1349 4115 vel
1366 4071 1429 4115 non
1456 4045 1526 4112 reti·

397 4157 504 4222 nendo
537 4157 624 4222 dioto
654 4157 744 4239 liguo
761 4157 793 4221 in
810 4163 905 4240 parte
923 4156 973 4222 vel
989 4163 1059 4221 toto
1075 4155 1197 4222 babere
1229 4158 1364 4240 possint,
1381 4157 1426 4222 ite
1441 4152 1517 4238 quod

396 4287 466 4330 curn
478 4285 525 4342 eo,
536 4264 622 4346 quod
633 4263 870 4344 deliberabunt,
881 4265 947 4329 sive
963 4264 1003 4329 de
1016 4263 1187 4330 retinendo
1203 4264 1254 4330 vel
1269 4285 1333 4329 nou
1350 4262 1524 4344 retinendo,

396 4374 568 4438 remittent
583 4373 708 4458 liguum
724 4373 829 4456 ipsum
841 4374 953 4438 statim
964 4372 1006 4437 ad
1017 4372 1141 4438 dietum
1158 4370 1521 4458 nostrumCapituueum‚

399 4481 450 4556 oui
485 4479 710 4562 commisimus,
743 4479 831 4572 quod
862 4479 964 4550 saciat
980 4480 1020 4546 de
1047 4478 1165 4547 stando
1183 4487 1215 4546 et
1230 4501 1294 4546 non
1311 4479 1436 4568 stando,
1450 4477 1521 4542 sicut
