3170 5234
790 321 1025 370 orrnonsczmr
1044 315 1212 376 sanburn.

974 503 1048 568 224„

435 656 606 721 Florecozt'
620 657 788 724 tannerok
802 661 897 745 pe'nzt
906 663 1132 818 kaliffmk
1143 667 1408 760 Maqyaromdq
1418 676 1541 762 itqyeire.

1021 773 1052 818 o.

544 905 660 972 Doffus
677 907 717 974 de
734 911 888 976 societate
905 910 1100 998 Bardorum,
1116 923 1149 981 et
1163 916 1189 982 J
1190 917 1335 986 ohannes
1352 921 1391 987 de
1407 925 1541 990 societate

436 1012 649 1081 Peruciorum
666 1015 830 1104 (Peruzzi)
846 1026 1042 1086 mercatores
1060 1020 1116 1106 (de
1133 1023 1316 1114 Florentia)
1334 1038 1544 1097 mutuauerunt

435 1121 562 1204 pridem
577 1122 662 1206 Regi
678 1125 807 1191 Karolo
824 1148 883 1209 pro
900 1129 1038 1212 negotijs
1064 1129 1173 1212 Regni
1197 1132 1343 1217 Vngarie
1369 1140 1544 1204 memsam

435 1232 611 1311 trecentas,
627 1251 686 1314 pro
703 1233 819 1314 quibus
850 1233 912 1316 ipsi
944 1243 1142 1302 mercatores
1173 1241 1348 1326 aRegina
1365 1243 1472 1310 Maria
1486 1266 1543 1311 con-

434 1341 521 1400 sorte
537 1337 657 1402 Karoli
674 1348 869 1422 receperunt
885 1362 1040 1407 coronam
1056 1366 1151 1410 unam
1168 1347 1207 1412 de
1232 1371 1314 1414 auro
1332 1373 1405 1417 cum
1423 1352 1544 1418 diuersis

432 1441 595 1526 lapidibus
610 1447 761 1528 pretiosis
778 1449 811 1512 in
828 1448 963 1532 pignore
979 1450 1040 1515 stb.
1057 1452 1086 1516 Ι.
1102 1454 1127 1520 J
1129 1455 1195 1536 unij
1213 1455 1281 1521 ΙΠ.
1297 1458 1488 1524 iudietionis.
1579 1483 1580 1486 ¹

536 1606 576 1666 (A
591 1602 673 1672 »Rem
687 1609 838 1673 Angioini⁴t
852 1611 885 1659 D.
902 1616 959 1662 141.
975 1629 1011 1662 ez.
1027 1614 1094 1679 Reg.
1108 1615 1205 1665 Karoli
1220 1618 1256 1666 II.
1268 1617 1413 1675 kbtetebb'l
1429 1626 1482 1670 131.
1494 1623 1542 1680 les,

430 1709 463 1744 az
477 1695 552 1745 olasz
566 1698 618 1746 kir.
632 1699 743 1749 Grande
756 1700 947 1752 Archivioban
962 1705 1148 1770 Nepolyben.)
1579 1711 1580 1716 ’

1257 2131 1260 2138 ·
1577 2105 1580 2160 Ι

427 2207 628 2294 araeqepa
662 2205 1013 2292 moysenomnes
1046 2185 1203 2272 auctare
1227 2187 1430 2275 ‘stamme
1455 2214 1540 2277 rece.
1579 2191 1580 2208 ¹

537 2367 754 2433 Patentes
779 2384 856 2447 pro
882 2364 1133 2433 Oomitibus
1158 2368 1206 2432 de
1230 2367 1440 2452 Vngaria.
1579 2353 1580 2356 Ἴ

536 2474 701 2559 Scriptum
717 2480 768 2538 est
777 2471 803 2536 J
804 2473 980 2554 ostitiario,
998 2472 1187 2558 Capitaneis
1203 2484 1236 2541 et
1246 2474 1451 2544 Officialibus
1466 2476 1540 2561 alijs‚

425 2607 484 2651 nec
501 2605 566 2650 non
583 2591 615 2648 et
631 2590 794 2648 terrerum
826 2589 859 2646 et
884 2583 1074 2664 quorumuis
1096 2569 1240 2648 locorum
1265 2581 1535 2650 Vniuersitatibus

426 2700 459 2759 et
474 2693 620 2778 personis
652 2690 845 2776 specialibus
876 2690 1121 2774 quibuscunque
1155 2697 1323 2776 presentes
1356 2693 1485 2758 listerus
1498 2693 1537 2756 in-

424 2803 595 2884 specturis,
609 2799 761 2865 fidelibus
777 2798 844 2864 suis
861 2806 921 2863 ete.

533 2907 616 2974 Cum
630 2908 691 2972 viri
707 2906 833 2972 nobiles
848 2904 996 2988 Doymus
1027 2901 1145 2971 Oomes
1162 2905 1201 2971 de
1217 2903 1347 2989 Veglia,
1363 2911 1396 2972 et
1411 2906 1539 2972 Randis·

426 3014 690 3095 lauusBabunio,
710 3013 815 3078 nostri
839 3035 877 3078 ac
902 3012 1027 3096 Regine
1054 3014 1212 3078 consortis
1238 3020 1350 3078 nostre
1375 3013 1493 3098 fideles,
1506 3011 1538 3076 de

422 3122 572 3208 Vngaria
599 3124 764 3188 venientes
792 3120 858 3186 iam
887 3120 931 3186 ad
957 3127 1089 3204 portum
1118 3119 1341 3186 Manfridouie
1366 3123 1538 3206 applicasse

424 3231 584 3312 dicuntur,
596 3229 713 3294 deinde
723 3250 756 3292 se
772 3227 815 3293 ad
830 3233 976 3292 nostram
993 3249 1032 3294 ac
1049 3228 1192 3293 eiusdem
1207 3227 1334 3311 Regine
1351 3230 1538 3313 presentiam

421 3337 589 3403 collaturi:
616 3335 767 3402 fidelitati
780 3341 886 3402 vestre
904 3336 1102 3417 presentium
1118 3340 1234 3400 tenore
1249 3335 1452 3417 mandamus,
1469 3355 1537 3419 qua

419 3451 512 3509 tenus
531 3441 664 3510 eosdem
681 3441 833 3523 Comites,
849 3448 1016 3526 totamque
1033 3441 1189 3508 familiam
1204 3449 1238 3507 et
1252 3443 1440 3510 comitiuam
1456 3462 1537 3509 suam

419 3575 492 3619 cum
517 3552 714 3619 animalibus
740 3559 773 3616 ct
797 3551 893 3616 rebus
919 3551 1033 3617 eorum
1050 3552 1158 3617 venire
1175 3549 1218 3616 ad
1234 3559 1379 3618 nostram
1396 3552 1537 3632 dicteque

417 3660 545 3743 Regine
561 3660 760 3742 presentiam
774 3660 876 3725 libere
892 3659 1101 3746 permictatis,
1116 3658 1240 3724 nullam
1254 3658 1334 3741 ipsis
1350 3660 1384 3723 in
1400 3657 1537 3743 personis

417 3774 451 3833 et
475 3768 573 3834 rebus
600 3789 712 3833 eorum
736 3767 856 3834 inferre
880 3767 1076 3851 presumatis
1101 3766 1264 3849 iniuriam,
1288 3767 1472 3832 molestiam
1495 3763 1536 3828 sel

416 3877 590 3955 iacturam
620 3875 799 3956 quinimmo
818 3874 976 3940 habentes
1002 3895 1058 3939 eos
1083 3874 1187 3939 nostri
1214 3874 1400 3940 dominatus
1425 3873 1535 3938 iutuitu

418 3981 594 4048 efficaciter
607 3979 897 4064 commendasset
907 3987 1091 4046 tractantes
1101 3979 1433 4060 honorabiliter‚sicut
1445 3979 1535 4056 decet

415 4090 536 4155 curetis
563 4089 609 4153 eis
635 4090 677 4155 ad
702 4089 918 4172 requisionem
934 4109 1047 4156 eorum
1073 4087 1112 4152 de
1138 4107 1251 4153 securo
1278 4087 1448 4168 conductu,
1460 4088 1487 4153 si
1509 4091 1535 4150 et

414 4203 513 4280 prout
531 4199 683 4282 expedire
703 4196 876 4279 videbitur,
886 4197 1060 4280 prouideri.
1077 4194 1201 4263 Datum
1216 4193 1358 4281 Neapolj
1376 4217 1435 4282 per
1451 4195 1489 4262 B.
1503 4194 1535 4264 de

415 4303 527 4384 Capua
542 4305 678 4370 militem
695 4311 755 4372 eto.
772 4303 825 4372 die
840 4301 901 4371 VI.
916 4301 941 4369 J
943 4304 1010 4390 unij
1028 4301 1088 4372 IV.
1105 4302 1303 4370 indictionis.

522 4486 557 4544 (Α
579 4483 661 4549 »Reg¹
682 4485 832 4548 Angioini‹
848 4485 879 4534 Β.
896 4485 953 4534 147.
968 4499 1005 4534 ss.
1017 4485 1084 4548 Reg.
1099 4483 1196 4532 Karoli
1209 4481 1244 4531 11.
1261 4483 1317 4530 ket.
1334 4487 1374 4532 79.
1389 4485 1452 4542 lev„
1466 4498 1490 4532 u.
1503 4479 1532 4540 o)

886 4637 1083 4650 ..n—..t-—u———fl-
