3222 5240
396 404 460 474 2⁶4
795 417 1031 468 nurnomcamr
1046 399 1213 464 uentano.
1306 415 1308 420 ’

392 587 539 672 possunt
565 581 659 647 Idem
674 579 821 645 dominus
837 577 916 646 Dux
931 583 964 642 et
979 575 1157 643 Commune
1174 573 1400 653 Venetiarum,
1413 569 1506 638 volen-

393 695 445 754 tes
461 710 542 774 erge
557 685 740 772 predictum
756 685 942 768 Commune,
958 683 1103 749 homines
1119 689 1153 746 et
1168 680 1425 749 Vniuersitatem
1440 679 1509 762 Spe·

395 797 459 866 lati
483 816 576 861 suam
599 793 834 876 benignitatem
860 798 893 857 et
917 791 1059 876 gratiam
1075 788 1308 868 demonstrare,
1325 789 1449 854 Christi
1463 809 1509 852 no

396 905 482 972 mine
507 903 668 982 inuocato,
695 899 738 964 ed
764 898 895 965 laudem
920 904 954 965 et
978 898 1196 963 reuerentiam
1212 897 1403 963 Beatissimi
1417 895 1511 960 Marci

398 1007 549 1094 Apostoli
575 1013 609 1073 et
633 1007 849 1090 Euangeliste
859 1005 1069 1072 admittentes
1087 1005 1258 1088 benignius
1275 1004 1512 1088 postulationem

403 1122 438 1183 et
453 1115 657 1183 oblacionem
674 1113 861 1179 eorumdem
877 1112 1124 1196 Spoletinorum
1140 1111 1198 1178 sub
1215 1132 1273 1176 suo
1288 1119 1322 1177 et
1339 1108 1512 1177 Communis

401 1223 615 1293 Venetierum
642 1221 793 1301 dominio,
818 1220 987 1300 fidelitate,
1012 1219 1208 1286 deffensione
1228 1226 1261 1284 et
1276 1219 1514 1303 protectionein

400 1336 596 1417 perpetuum
621 1328 796 1395 salubriter
820 1333 1024 1412 receperunt,
1049 1327 1191 1393 salvis
1222 1326 1514 1392 honorificen-

403 1440 490 1507 ciis
522 1443 565 1503 et
587 1435 767 1502 iuribus
791 1434 908 1500 dicti
932 1435 1099 1500 domini
1122 1435 1260 1520 Regis
1284 1434 1515 1517 Hungarie,

403 1568 484 1632 que
516 1545 706 1614 heberet
736 1544 813 1610 vel
846 1543 1033 1609 deberet
1064 1545 1233 1610 habere
1256 1544 1300 1610 in
1324 1541 1515 1608 Ciuitate

403 1653 622 1738 predicta,
653 1651 852 1736 providendo
877 1650 1019 1735 benigne
1045 1657 1079 1717 et
1104 1654 1256 1736 gratiose,
1281 1650 1371 1736 quod
1387 1649 1517 1715 homines

405 1759 536 1846 Spoleti
558 1765 592 1824 et
607 1759 818 1825 eorumbene
834 1758 873 1823 de
889 1764 999 1825 cetero
1015 1764 1199 1825 tractentur
1214 1765 1248 1825 et
1263 1758 1450 1824 habeantur
1464 1755 1518 1821 vbi-

406 1887 469 1950 que
485 1867 520 1932 in
535 1863 685 1934 Venetiis
703 1872 735 1932 et
751 1872 853 1948 extra,
869 1865 1144 1950 quemadmodum
1160 1871 1348 1932 tractentur
1364 1871 1398 1930 et
1413 1865 1517 1930 habeu-

405 1984 460 2042 tur
470 1973 571 2058 aliqui
582 1973 622 2040 de
633 1975 783 2058 partibus
793 1971 974 2052 Dolmecie‚
990 1974 1047 2058 qui
1062 1975 1129 2040 sint
1145 1975 1248 2057 magis
1263 1974 1359 2040 liberi
1376 1979 1411 2038 et
1423 1971 1522 2055 fideles
1590 2005 1591 2008 ¹

408 2080 530 2147 domini
556 2080 660 2146 Ducis
684 2085 719 2146 et
744 2079 931 2146 Communis
945 2077 1169 2149 Venetiarum.
1187 2081 1386 2165 Postquam
1403 2079 1523 2146 submis-

409 2190 532 2255 sionem
548 2188 695 2255 oblotom
710 2193 745 2254 et
759 2187 890 2268 factem,
906 2192 940 2253 et
955 2210 1014 2272 per
1029 2189 1138 2273 ipsum
1155 2190 1320 2255 dominum
1336 2187 1459 2253 Ducem
1472 2207 1523 2270 pru
1590 2205 1591 2210 ¹

409 2317 445 2362 se
469 2303 504 2362 et
529 2293 701 2363 Communi
724 2293 939 2365 Venetiarum
965 2303 1182 2382 acceptatam,
1207 2298 1278 2382 ipse
1294 2297 1443 2362 dominus
1457 2295 1525 2361 Dux

410 2425 483 2472 cum
494 2425 551 2470 suo
562 2405 708 2472 Consilio
725 2425 783 2470 sua
797 2403 1001 2471 liberalitate
1016 2404 1230 2489 infrascripta
1244 2405 1401 2489 prouidit,
1416 2402 1525 2470 seruari

410 2512 522 2594 voluit,
537 2519 571 2578 et
586 2511 757 2578 mandauit
766 2511 900 2578 sindiois
917 2517 951 2577 et
966 2511 1243 2592 ambaxatoribus,
1254 2512 1333 2596 ipsis
1348 2510 1527 2588 uolentibus,
1590 2565 1591 2568 ,

413 2619 691 2686 consentientibus
716 2623 750 2685 et
769 2617 1046 2703 approbantibus:
1063 2619 1176 2684 Primo
1193 2617 1290 2699 enim,
1306 2619 1396 2702 quod
1411 2614 1527 2703 perdo

410 2729 534 2794 minum
550 2725 677 2794 Ducem
702 2733 735 2792 et
755 2748 847 2792 suum
867 2725 1048 2793 Consilium
1064 2727 1201 2810 singulis
1217 2726 1345 2792 dnobus
1361 2727 1452 2793 annis
1465 2725 1529 2790 mit·
1590 2809 1591 2812 Ἴ

411 2841 504 2902 tetur
528 2835 571 2900 ad
596 2835 776 2918 regendum
793 2835 916 2900 dictem
932 2835 1112 2901 Ciuit-etem
1128 2834 1259 2918 Spoleti
1274 2857 1356 2902 vnus
1374 2857 1414 2902 ex
1428 2833 1529 2900 nobili·
1590 2865 1591 2870 κ

412 2943 473 3010 bus
499 2943 539 3008 de
555 2942 676 3008 Maiori
692 2939 850 3024 Consilio,
867 2943 923 3027 qui
937 2944 1181 3026 nuncupabitur
1192 2941 1310 3011 Comes
1336 2943 1471 3028 Spoleti,
1483 2941 1530 3026 qui

412 3051 551 3134 eligetur
561 3050 711 3120 Venetiis
721 3052 756 3116 in
766 3049 889 3116 Maiori
907 3050 1051 3118 Consilio
1065 3073 1123 3135 per
1133 3051 1338 3132 electionem,
1354 3057 1388 3118 et
1405 3051 1460 3118 fiet
1472 3051 1529 3114 rico

414 3160 561 3242 quelibet
575 3180 634 3243 per
650 3158 730 3224 duos
747 3180 866 3238 annos;
885 3159 976 3223 ouius
994 3157 1131 3223 Comitis
1147 3159 1264 3224 electio
1284 3159 1343 3224 fiet
1361 3167 1397 3225 et
1414 3180 1491 3224 nunc
1504 3159 1531 3221 et
1590 3157 1591 3234 j

415 3267 456 3332 de
472 3271 579 3332 cetero
595 3287 654 3349 per
670 3271 812 3349 quotuor
828 3287 944 3330 monus
959 3266 994 3330 in
1010 3265 1098 3331 dicto
1117 3265 1241 3332 Maiori
1251 3263 1408 3348 Consilio,
1432 3283 1532 3350 oppro-
1590 3293 1591 3296 ¹

412 3373 521 3439 bondo
538 3375 658 3439 electos
674 3375 707 3438 in
734 3373 822 3438 dicto
854 3371 999 3438 Consilio
1030 3373 1073 3438 ed
1103 3396 1200 3438 vnum
1232 3373 1276 3440 ad
1292 3396 1410 3455 vnum,
1430 3379 1461 3439 et
1480 3371 1532 3448 ille,
1590 3381 1591 3396 ¹

413 3481 469 3562 qui
499 3479 653 3547 habuerit
692 3481 804 3566 plures
845 3481 998 3564 bellotae,
1027 3481 1181 3547 babendo
1220 3484 1380 3549 maiorem
1421 3485 1532 3566 partem

413 3587 560 3668 Consilii,
591 3590 635 3654 sit
665 3589 797 3673 firmus,
828 3595 861 3654 et
886 3591 914 3654 ai
937 3590 1048 3656 nullus
1074 3589 1213 3656 haberet
1238 3591 1397 3656 maiorem
1421 3593 1532 3674 portem

413 3696 559 3777 Consilii,
576 3695 624 3761 illi
640 3696 714 3779 duo,
746 3697 802 3781 qni
833 3697 993 3762 haberent
1017 3697 1127 3781 plures
1153 3697 1307 3777 ballotas,
1341 3698 1441 3763 vadat
1468 3713 1532 3760 vous

413 3826 472 3889 per
490 3804 630 3870 medium
647 3805 789 3886 alteriue,
799 3812 833 3871 et
853 3807 880 3871 si
896 3807 970 3889 quis
982 3812 1066 3872 esset
1092 3807 1215 3872 electus
1239 3828 1299 3891 per
1329 3810 1398 3872 tres
1428 3822 1532 3880 manue

416 3913 458 3977 sit
489 3912 601 3976 firmus
633 3911 702 3977 sine
733 3911 800 3978 elie
829 3913 1034 3996 probatione.
1069 3914 1154 3979 Item
1183 3914 1272 3998 quod
1298 3911 1419 3980 Comes
1446 3913 1533 3976 iturus

420 4019 594 4103 Spalatum
609 4021 643 4085 in
661 4021 767 4085 causis
793 4021 944 4086 ciuilibus
960 4026 1113 4087 teneatur
1136 4025 1254 4106 regere
1281 4021 1406 4087 dictam
1431 4018 1533 4086 Ciuita-

418 4133 484 4192 tem
526 4149 600 4192 cum
638 4127 743 4193 tribus
783 4127 959 4195 Judicibus
992 4130 1032 4195 de
1066 4129 1215 4214 Spelat0‚
1241 4129 1298 4213 qui
1329 4129 1484 4214 eligentur
1508 4122 1533 4185 in

420 4233 558 4319 Speloto
583 4235 759 4301 secundum
785 4238 1038 4303 consuetudines
1064 4243 1097 4304 et
1122 4243 1250 4304 statuta
1269 4259 1393 4319 eorum,
1414 4228 1533 4311 vocando

421 4343 463 4406 od
489 4341 760 4426 promulgandum
786 4345 966 4410 sententias
992 4368 1048 4410 sex
1072 4342 1300 4429 ConsiliarioS,
1325 4345 1382 4429 qni
1408 4340 1533 4410 similior
1590 4359 1591 4364 ¹

420 4445 585 4528 eligantur
604 4447 638 4514 in
655 4446 793 4533 Spalato
811 4452 986 4517 secundum
1002 4453 1253 4519 consuetudines
1270 4459 1304 4520 et
1321 4459 1448 4519 statute
1464 4447 1530 4514 dicto
1589 4495 1591 4548 2

427 4549 581 4622 Ciuitatis
607 4553 745 4642 Spoleti.
770 4557 812 4624 In
829 4559 978 4627 omnibus
995 4567 1106 4628 autem
1123 4561 1230 4630 causis
1248 4559 1469 4628 criminalibus
1481 4554 1531 4639 ipse
