3174 5236
453 285 458 291 ·
549 257 643 332 1294.
1095 257 1154 327 nt

51 465 111 531 liter
124 465 296 549 obligando
312 464 347 528 in
371 464 463 531 libris
489 469 520 527 et
538 483 598 546 pro
614 461 707 527 libris
726 459 831 524 tribus
847 458 991 523 millibus
1008 457 1157 524 denario·

51 595 108 639 mn
117 573 314 641 Venetorum
331 593 524 656 paruerum3
548 570 697 635 domiuus
714 569 865 634 Marinus
881 567 1028 632 Dorbine
1039 566 1062 630 J
1065 565 1160 646 udex,

52 683 117 747 ciuis
140 677 373 766 Sybenicsnsis,
406 677 575 763 Syndicus‚
615 677 818 742 Procurator
841 683 873 740 et
898 673 1002 742 Actor
1026 673 1163 758 Egregii

52 789 101 854 riri
116 789 235 856 domini
251 788 389 871 Georgii
406 787 535 871 durisig
551 787 591 851 de
607 784 917 852 BerterPotestotis
928 782 1164 866 Sybenirensis,

53 893 206 964 llilcbroti
221 893 401 978 Drugonoi,
426 893 499 958 Elie
516 893 721 976 Drngounni,
745 891 856 956 Morse
873 887 1029 973 Gregorii
1044 897 1076 955 et
1092 890 1164 957 Ms-

53 1003 105 1068 rini
115 1003 268 1084 Dobrine,
283 1001 441 1069 Judicum
451 1001 536 1066 dicte
552 1011 638 1067 terre
648 999 882 1086 Sybenicensis‚
898 999 941 1065 od
956 998 1167 1084 infrascripto

53 1109 223 1193 specialiter
233 1111 441 1191 constitutus,
457 1117 491 1174 vt
502 1110 685 1176 continetur
695 1109 728 1173 in
746 1109 961 1175 instrumento
973 1107 1051 1173 dicti
1062 1108 1167 1191 syndi-

53 1225 133 1283 cntus
157 1217 245 1284 fecto
271 1237 357 1283 enno
374 1215 546 1283 Dominiee
562 1215 802 1284 Incarnetionis
827 1215 996 1282 millesimo
1016 1214 1168 1282 dueente-

53 1325 122 1391 simo
137 1327 346 1410 nonogesimo
363 1333 490 1408 quarte,
516 1323 694 1391 indictione
710 1326 858 1409 septimo,
874 1323 925 1389 die
941 1321 966 1387 J
967 1324 1035 1388 oris
1052 1328 1168 1388 octeno

54 1419 185 1499 intrante
195 1432 317 1518 Aprili,
333 1441 364 1498 et
381 1435 500 1516 scripto
516 1453 574 1516 per
588 1455 718 1498 manum
731 1433 895 1500 Vincentii
911 1431 1052 1512 Diuiszi,
1069 1429 1170 1514 Sybe·

55 1539 181 1606 nicensis
197 1541 222 1606 J
223 1540 312 1606 uroti
328 1541 470 1622 Notarii,
496 1561 516 1604 n
541 1561 592 1605 me
608 1537 755 1604 Antonio
771 1537 891 1605 Judice
916 1545 950 1604 et
965 1535 1106 1603 Notario
1122 1539 1170 1602 in·

54 1647 225 1731 inscripto,
241 1649 309 1713 riso
326 1655 357 1712 et
374 1630 601 1713 lecto'nomine
617 1653 649 1711 et
666 1648 732 1712 vice
743 1646 905 1712 dictorum
925 1647 1047 1713 domini
1057 1645 1171 1712 Potes·

53 1756 129 1835 tetis,
155 1755 310 1822 Judicum
328 1760 361 1821 et
377 1752 526 1834 Consilii,
552 1760 584 1818 et
600 1751 789 1820 Communis
806 1751 1043 1838 Sybenicensis,
1063 1761 1094 1819 et
1112 1775 1171 1839 pro

55 1863 125 1946 ipsis
153 1864 301 1930 omnibus
326 1863 541 1946 fideiubendo,
568 1870 599 1927 et
624 1883 658 1927 se
683 1883 743 1946 pro
769 1859 856 1928 dicto
883 1862 1011 1929 Comite
1027 1861 1173 1944 Georgio

55 1971 270 2054 principaliter
286 1969 464 2055 obligando
481 1973 514 2035 in
530 1970 624 2035 libris
641 1978 672 2035 et
689 1991 748 2053 pro
765 1969 859 2035 libris
878 1970 1020 2054 quinque
1030 1970 1175 2036 millibus

57 2075 258 2146 denariorum
273 2077 473 2147 Venetorum
490 2100 684 2163 paruorum3
709 2078 860 2144 dominus
876 2078 1041 2144 Lubocius
1056 2074 1082 2141 J
1083 2077 1176 2177 udex,

59 2185 130 2250 ciuis
150 2183 390 2267 Scordonensis,
408 2181 568 2269 Syndicus
584 2190 616 2248 et
632 2182 840 2267 Procurator,
855 2191 885 2249 et
896 2185 1018 2249 Reetor
1033 2181 1176 2248 domino-

58 2311 122 2358 rum
130 2291 237 2372 Pribi,
253 2291 375 2358 Bosoni
393 2298 426 2356 et
441 2291 591 2372 Berislei,
607 2291 773 2374 Judicnm,
791 2291 926 2358 Consilii
944 2299 976 2356 et
987 2289 1176 2358 Communis

59 2397 204 2465 Ciuitatis
214 2396 462 2478 scardonensis,
485 2398 528 2464 ad
544 2397 756 2482 infrascripta
771 2398 956 2481 specialiter
975 2399 1179 2480 constitutus,

60 2515 89 2572 vt
102 2508 330 2573 contineturin
340 2509 556 2573 instrumento
572 2505 652 2572 dicti
667 2503 959 2590 syndicatus'faeto
975 2528 1061 2572 anno
1077 2529 1098 2574 o
1113 2505 1179 2573 Nn·

59 2616 182 2682 tinitote
206 2614 341 2681 Domini
365 2615 537 2682 millesimo
570 2613 793 2681 ducentesimo
818 2616 1028 2696 nonagesimo
1053 2621 1182 2700 quarto,

60 2721 229 2790 indictione
245 2726 392 2809 septime,
408 2723 460 2789 die
475 2724 630 2806 vigesimo
646 2745 732 2788 nouo
749 2724 881 2804 Martii;
906 2732 937 2789 et
954 2723 1182 2807 quiaNotario

62 2830 219 2914 carebant,
247 2839 318 2896 eret
341 2831 463 2896 dictum
484 2831 735 2896 instrumentum
749 2831 936 2915 syndicatus
953 2852 1025 2898 curn
1040 2829 1183 2915 quodem

63 2939 164 3020 sigillo
190 2941 272 3005 dicti
289 2937 477 3006 Communis
494 2935 728 3006 Scardonensis
754 2961 846 3008 cereo
872 2938 1024 3023 pendenti
1050 2937 1185 3003 robora·

63 3054 136 3128 tum,
151 3045 240 3132 quod
256 3044 387 3130 quidem
402 3045 547 3129 sigillum
558 3045 823 3125 erotrotundum,
839 3049 1011 3128 integrum,
1026 3066 1092 3111 non
1103 3041 1186 3109 frac-

64 3161 138 3235 tum,
162 3153 214 3218 vel
231 3153 265 3218 in
281 3155 331 3221 sui
346 3160 441 3237 perte
458 3153 570 3236 aliquo
585 3154 743 3236 vitiatum,
766 3155 800 3218 in
817 3174 882 3238 qno
898 3175 973 3218 vero
990 3153 1099 3235 sigillo
1115 3157 1185 3216 erat

2 3281 3 3374 p
65 3263 182 3345 scripta
197 3261 306 3344 imago
322 3259 426 3327 Beate
441 3259 550 3326 Marie
567 3257 714 3342 Virginis
733 3259 886 3338 sedentis,
914 3259 1004 3324 etad
1022 3260 1187 3324 sinistrum

2 3381 4 3457 t
64 3367 148 3433 lotus
164 3368 233 3433 eins
248 3369 389 3433 tenentis
403 3366 505 3431 filiurn
522 3386 614 3431 suurn
631 3367 665 3431 in
681 3369 803 3450 gremio
820 3373 852 3431 et
866 3366 1014 3446 brechio,
1030 3373 1062 3432 et
1077 3366 1189 3432 littere

66 3475 183 3540 circum
199 3477 289 3541 circo
303 3474 345 3540 nd
361 3472 482 3539 dictum
498 3474 640 3560 sigillum
657 3474 781 3556 sculpte
791 3475 838 3539 sic
848 3473 1011 3540 dicentes:
1031 3471 1083 3539 »S.
1095 3472 1189 3539 Com-

2 3631 3 3682 ,
67 3582 169 3647 munis
185 3579 453 3662 Soerdonensisc,
479 3603 498 3646 a
522 3605 573 3646 me
588 3579 735 3647 Antonio
750 3580 872 3648 Judice
889 3587 921 3645 et
937 3579 1076 3646 Notario
1093 3580 1192 3646 infrsr

2 3689 4 3774 l
68 3690 185 3772 scripto
203 3690 269 3754 viso
286 3697 318 3754 et
334 3690 418 3754 lecto
435 3693 564 3756 nomine
581 3697 614 3756 et
629 3690 696 3754 vioe
706 3690 866 3754 dictorum
875 3689 899 3754 J
902 3689 1041 3768 ndicum,
1058 3687 1193 3755 Consilii

2 3819 3 3873 p
69 3801 100 3860 et
116 3793 305 3862 Communis
322 3795 568 3878 Scardonensis,
592 3803 626 3863 et
645 3818 703 3880 pro
720 3797 799 3881 ipsis
816 3797 965 3862 omnibus
980 3795 1195 3875 fideiubend0,

70 3909 102 3967 et
117 3923 152 3967 se
167 3923 226 3987 pro
242 3903 331 3969 dicto
347 3901 474 3970 Comite
486 3902 642 3988 Georgio,
659 3911 692 3969 vt
708 3925 807 3988 supra
823 3905 945 3970 dictum
962 3908 1018 3985 est,
1033 3903 1196 3986 principe·

2 4001 4 4086 l
70 4007 144 4074 liter
161 4009 338 4094 obligando
354 4011 387 4076 in
402 4010 498 4076 libris
514 4019 547 4075 et
563 4031 623 4095 pro
638 4011 733 4076 libris
754 4012 842 4076 mille
853 4009 1039 4095 quingentis
1049 4009 1197 4074 denario·

71 4136 141 4181 rum
158 4115 360 4184 Venetorum
377 4137 561 4200 porcorum,
577 4119 734 4202 solempni
752 4119 963 4201 stipulatione
978 4118 1197 4200 promiserunt

72 4223 208 4306 quilibet
232 4245 346 4290 eorum
362 4245 395 4290 se
411 4226 599 4308 obligando,
624 4233 659 4291 vt
674 4227 797 4292 dictum
814 4233 871 4306 est,
888 4248 921 4291 se
936 4224 1081 4290 tacturos
1097 4231 1130 4290 et
1145 4245 1199 4290 cu·

2 4351 3 4421 3
73 4337 211 4414 returns,
236 4335 325 4397 omni
350 4335 538 4417 exceptione
563 4340 596 4400 et
620 4337 789 4400 occasione
814 4336 957 4417 remotis
982 4334 1069 4418 quod
1095 4334 1200 4399 dictus

2 4426 4 4484 l
74 4437 227 4511 dominos
237 4437 401 4522 Georgius
413 4439 530 4506 Comes
541 4441 754 4507 Berbirenses
771 4450 840 4507 tam
859 4463 917 4506 suo
933 4443 1063 4506 nomine
1080 4447 1111 4506 et
1129 4460 1201 4506 suo·
