3170 5234
596 651 669 711 213.

66 813 96 874 A
112 811 266 874 veleaczei
283 811 509 895 lcormciaynak
526 809 689 873 utasitcieu
706 833 727 870 a
744 808 881 872 lutatio
896 813 1011 871 latoria
1028 808 1093 870 Ill,
1108 809 1191 872 Uroa

205 919 293 982 στανδ
310 918 480 1003 kircilylloz
496 917 621 982 kuldott
638 916 757 980 ltilvetei
772 919 933 980 szdmu'ra.
956 917 1046 979 l302.

173 1093 333 1177 Capta:
368 1091 463 1176 Quod
489 1093 660 1158 mandetur
691 1092 954 1157 ambaxatoribus
984 1093 1105 1158 nostris
1132 1094 1189 1174 qui

1 1203 2 1224 l
67 1202 200 1267 iuerunt
215 1202 394 1286 Ragusum,
411 1205 497 1285 quod
515 1225 579 1268 non
596 1205 744 1269 obstante
755 1200 910 1264 mandato
920 1199 1025 1282 pridie
1037 1202 1083 1265 eis
1093 1199 1190 1282 factu,

65 1309 152 1391 quod
177 1311 288 1374 redire
312 1309 477 1392 deberent,
503 1318 591 1376 stare
616 1309 661 1374 ibi
677 1309 826 1386 debeant,
854 1329 1019 1389 quousque
1036 1306 1125 1372 aliud
1142 1310 1189 1373 eis

1 1433 2 1490 l
64 1416 310 1496 mandabimus;
349 1420 434 1482 etsi
461 1416 813 1483 obuiarenturinvia
838 1415 999 1483 Veuecias
1024 1415 1190 1496 veniendo,
1255 1437 1256 1440 ¹

1 1496 2 1554 i
66 1523 157 1603 quod
174 1523 282 1588 redire
301 1523 642 1608 debcautRagusium,
658 1531 689 1590 et
704 1525 731 1589 si
743 1522 923 1588 Consilium
939 1527 989 1586 est
1005 1527 1192 1588 contentum

1 1610 2 1698 i
67 1631 108 1696 sit
125 1637 321 1698 renovatum
338 1639 495 1714 quantum
512 1633 545 1697 iu
562 1633 630 1698 hoe.

172 1811 209 1872 (A
223 1811 363 1862 velenczei
375 1812 609 1878 kormanytamics
622 1810 921 1878 regestalttiuyveibtll.)

596 2174 669 2235 214.

1 2132 2 2165 l

66 2331 94 2396 A
111 2333 270 2396 celeuczei
286 2333 516 2418 lcormcinyualc
532 2333 674 2397 biztoeito‘
689 2333 783 2398 leuele
800 2335 931 2420 Gyo'rgy
947 2331 1099 2396 clotieeoi
1113 2332 1196 2418 gros

497 2446 647 2504 ezdmctra
668 2439 762 2504 1302.

174 2614 272 2699 Quod
283 2615 400 2682 Comes
412 2615 574 2701 Georgius
592 2619 632 2682 de
643 2614 783 2682 Almisio
800 2618 903 2700 possit
921 2639 992 2682 cum
1003 2617 1147 2701 personis
1158 2621 1191 2680 et

67 2724 162 2788 rebus
181 2725 250 2788 suis
268 2729 301 2787 et
318 2746 375 2789 suc
392 2727 553 2805 comitiae,
569 2727 678 2790 uenire
696 2723 860 2805 Venetiam,
879 2731 965 2790 stare
982 2730 1014 2789 et
1030 2724 1144 2789 redire'.

1 2809 2 2834 ¹
175 2829 291 2915 Capt
303 2853 340 2895 a:
365 2832 452 2913 quod
468 2829 590 2898 Comiti
609 2831 752 2916 Georgio
769 2834 872 2918 possit
887 2833 960 2897 dari
976 2831 1118 2895 fidancia
1133 2852 1191 2913 per

1 2929 2 3000 i
69 2959 165 3004 uuum
181 2959 303 3002 aunum
318 2941 468 3004 veniendi
484 2937 648 3022 Venetias,
674 2941 782 3006 standi
799 2945 832 3005 et
848 2939 1013 3020 redeundi,
1029 2961 1088 3022 pro
1108 2959 1142 3002 se
1158 2943 1192 3001 et

1 3033 3 3088 l
69 3065 124 3110 sua
139 3046 313 3125 comitiua3
337 3048 385 3112 ita
402 3046 488 3129 quod
504 3047 590 3112 iufra
608 3047 728 3113 dietum
746 3055 872 3136 tempus
889 3049 932 3116 sit
947 3067 1020 3114 cum
1037 3045 1192 3115 dictasua

1 3139 2 3224 i
69 3153 222 3218 comitiua
238 3175 368 3220 securus
384 3156 417 3219 in
433 3157 580 3239 personis
597 3163 630 3222 et
644 3158 748 3224 robus.

173 3333 210 3395 (A
224 3335 361 3386 veleuezei
375 3336 607 3402 kormanytantcs
620 3339 917 3404 regestakouyveiboll.

548 3519 586 3526 ,ψη

593 3720 665 3782 215.

1 3857 2 3908 ἕ
68 3872 211 3941 Erzae'bet
228 3877 393 3962 kircilyue',
418 3877 481 3942 IV.
500 3879 614 3943 Luszlc
629 3903 770 3965 maggae·
786 3881 897 3967 ttrcty
913 3882 1104 3968 iizueyye'uek
1121 3884 1188 3944 εκά-

206 3989 305 4048 mu'ra
326 3986 521 4071 Ndpolybau
537 3987 594 4050 tlte·
609 3988 708 4052 latua
724 3989 923 4054 reudeztetilc.
950 3992 1044 4054 1303.

168 4161 412 4226 Monasterium
438 4161 552 4228 Sancti
579 4163 668 4228 Petri
695 4166 736 4230 ad
754 4165 935 4231 Castellum
953 4165 991 4248 (t.
1007 4166 1027 4230 i.
1044 4163 1189 4250 Napoly·

1 4341 2 4350 ἵ
68 4260 142 4348 ban)
167 4266 211 4331 ad
236 4265 445 4333 claustralem
470 4272 669 4337 mansionem
692 4271 868 4356 Magnifice
893 4273 1037 4339 mulieris
1058 4273 1188 4338 domine

1 4377 2 4386 ’
69 4369 215 4439 Elisabet
230 4373 355 4456 Regiae
367 4375 511 4459 Vagaric
529 4380 649 4444 sororis
666 4388 776 4446 nostre
794 4381 966 4464 carissime,
982 4382 1187 4465 aliarumque

1 4520 2 4580 ζ
71 4477 287 4564 religiosarum
301 4485 451 4550 similiter
462 4487 521 4551 sub
538 4488 651 4570 regula
662 4485 774 4556 Sancti
784 4491 947 4556 Dominici
958 4499 1188 4566 monacharum
