3222 5240
18 952 68 1014 wei

644 671 718 734 297.

263 831 411 896 Firmos
428 831 598 896 Siciticthol
615 831 925 918 Magyarorszcigba.
944 829 1100 894 1331—2.

197 1011 201 1021 “
231 1007 432 1079 undositate
449 1008 653 1074 diuersorum
684 1008 911 1073 mundatorum
927 1005 1105 1089 Regiorum
1123 1005 1244 1073 eisdem

8 1127 49 1173 ss
115 1113 349 1200 Thesaurerijs
366 1117 566 1182 directorum
592 1116 652 1180 stb.
678 1137 736 1199 per
762 1121 869 1180 totum
895 1135 1037 1179 mensem
1068 1113 1242 1198 Februarij

11 1215 49 1280 'It‘
113 1223 212 1288 huius
228 1221 309 1291 mv.
327 1222 517 1288 indictionis
535 1221 575 1287 de
589 1221 754 1286 soluendis
764 1222 950 1287 cursoribus
960 1219 1058 1285 Curie
1068 1221 1170 1304 Regio
1181 1221 1243 1286 stb.

1 1333 46 1391 tes.

226 1327 405 1396 Satisfacto
422 1330 446 1396 J
449 1330 568 1395 ohanni
589 1329 742 1414 Arduyni
770 1331 895 1395 cursori
922 1329 1006 1394 dicte
1024 1327 1122 1394 Ourie
1138 1330 1243 1415 Regie

114 1439 156 1502 de
174 1437 282 1521 gugijs
299 1440 365 1504 suis
385 1440 445 1505 stb.

4 1548 42 1610 sn

222 1544 286 1610 Die
325 1544 528 1614 XXVIIII.
559 1545 678 1610 mensis
709 1543 853 1627 Augusti
885 1547 919 1609 in
945 1544 1111 1612 Cusesanu
1141 1568 1242 1631 prope

5 1679 11 1686 ·
111 1651 269 1717 Castrum
284 1653 391 1718 Maris
408 1653 448 1717 de
475 1650 591 1717 Stabis
616 1650 720 1716 solute
737 1657 813 1717 snut
839 1649 943 1716 eidem
967 1649 1113 1718 Johanni
1144 1656 1242 1720 misso

111 1781 186 1824 cum
202 1759 326 1824 licteris
343 1759 459 1844 Regijs
484 1759 526 1823 od
541 1767 654 1842 partes
669 1758 818 1843 Vngerie
850 1780 909 1843 pro
926 1759 1033 1844 gogijs
1048 1763 1116 1828 suis
1133 1761 1174 1826 ud
1191 1784 1241 1827 re·

109 1867 235 1932 tionem
252 1867 388 1933 scudem
404 1867 438 1932 in
454 1868 614 1933 carolenis
630 1868 758 1949 argenti
776 1867 865 1931 vncie
882 1872 949 1931 tres
960 1904 1003 1914 —
1015 1907 1056 1915 —
1068 1869 1158 1934 uncie
1173 1868 1241 1934 III.

223 2080 287 2147 Die
304 2080 461 2148 XXVII.
477 2084 597 2147 mensis
614 2079 638 2145 J
639 2082 705 2164 uuij
727 2082 761 2144 in
787 2078 956 2146 Oasasenc
972 2081 1076 2148 solute
1092 2089 1166 2148 sunt
1182 2083 1239 2149 So·

10 2193 32 2261 u
110 2190 215 2256 busco
231 2188 271 2254 de
289 2188 394 2255 (iesca
410 2189 509 2254 misso
527 2210 599 2254 cum
615 2189 740 2253 licteris
755 2185 871 2271 Regijs
898 2189 940 2253 ad
964 2196 1076 2273 partes
1091 2187 1240 2275 Vngarie

1 2327 31 2370 s:-
109 2317 173 2380 pro
184 2295 291 2379 gugijs
304 2295 370 2359 suis
387 2295 493 2360 stb.in
505 2294 663 2360 carolenis
675 2293 901 2375 argentirncie
918 2294 1078 2360 due-—
1089 2297 1180 2361 uncie
1190 2298 1239 2364 II.

221 2509 285 2574 Die
302 2508 381 2576 XV.
398 2512 518 2576 mensis
534 2508 559 2576 J
561 2509 617 2594 ulij
635 2510 669 2574 in
688 2506 857 2575 Casuscno
882 2512 985 2577 solute
1002 2520 1079 2579 sunt
1094 2512 1120 2580 J
1122 2514 1240 2582 chunni

110 2617 153 2683 de
172 2615 305 2686 Verulis
322 2619 448 2684 cursori
467 2617 551 2684 dicte
562 2617 660 2684 Ourie
676 2617 780 2701 Regio
796 2619 894 2684 misso
906 2641 978 2684 cum
987 2619 1110 2687 lictoris
1126 2621 1241 2708 Regijs

7 2767 24 2810 ᾗ.
111 2725 156 2790 cd
189 2733 301 2809 partes
332 2723 481 2809 Vngurie
497 2747 557 2809 pro
573 2725 681 2808 gagijs
698 2725 765 2790 suis
798 2728 956 2791 mensium
980 2726 1083 2813 Junij,
1107 2727 1190 2815 Julij
1209 2737 1242 2796 et

109 2831 259 2914 Augusti
290 2833 386 2898 huius
415 2829 493 2899 XV.
524 2831 720 2914 indictionis,
747 2854 785 2897 ac
811 2831 1013 2918 Septembris
1029 2843 1061 2899 et
1086 2831 1238 2904 Octobris
1331 2865 1334 2872 ’

112 2939 270 3004 instantis
290 2939 317 3004 I.
334 2939 521 3006 indictionis
537 2939 580 3005 od
605 2939 832 3023 precedentem
857 2942 1014 3006 rationem
1030 2941 1063 3006 in
1080 2945 1240 3011 cerolenis

4 3096 17 3128 ᾖ
112 3047 243 3128 argenti
259 3047 350 3112 uncie
376 3053 443 3113 tres
512 3081 1001 3097 ------
1046 3051 1136 3116 uncie
1175 3053 1240 3119 HI.

220 3261 286 3328 Die
302 3260 460 3330 XXVII.
476 3262 597 3329 mensis
612 3263 707 3346 Junij
724 3265 759 3328 in
778 3259 948 3330 Oasssanu
962 3267 1067 3333 solute
1084 3273 1160 3333 sunt
1177 3265 1239 3336 Oo-

110 3363 178 3434 lino
196 3368 237 3434 de
253 3369 413 3437 Leonisse
430 3371 556 3437 cursori
572 3372 659 3437 dicte
674 3371 780 3454 Regie
798 3369 896 3438 Ourie
913 3374 1011 3440 misso
1029 3395 1100 3440 cum
1115 3376 1239 3445 lictoris

1 3532 9 3570 3
110 3473 229 3563 Regijs
245 3479 289 3544 ad
303 3488 413 3564 partes
429 3479 577 3563 Vngerie
593 3500 654 3563 pro
671 3479 777 3564 gagijs
794 3479 862 3546 eius
873 3485 1031 3549 mensium
1041 3483 1240 3568 Decembris,

2 3668 7 3675 l
109 3584 278 3672 ‹Ianuarij‚
295 3588 489 3674 Februarijs
506 3592 538 3654 et
554 3586 669 3671 Martij
697 3588 740 3653 ad
766 3591 929 3656 rationem
945 3593 1079 3657 eandem
1098 3595 1133 3657 in
1150 3616 1238 3660 oero-

109 3691 195 3760 leuis
212 3696 338 3777 argenti
354 3695 446 3761 uncie
463 3695 524 3760 due
542 3701 575 3758 et
591 3695 698 3760 tareni
715 3717 770 3760 sex
796 3734 839 3743 -
868 3736 901 3744 -
930 3699 1021 3764 uncie
1036 3698 1083 3763 II
1099 3707 1160 3766 tar.
1176 3698 1236 3766 VI.

113 3799 180 3866 stb.
205 3801 265 3868 stb.

221 3981 316 4047 (Retio
334 3983 466 4036 Thesauri
479 3999 496 4035 a
510 3981 647 4050 »Registri
661 3983 881 4052 Angioinis-ban
906 3991 964 4038 287.
980 4003 1016 4038 ez.
1030 3987 1098 4054 Reg.
1123 3988 1239 4040 Roberti

109 4071 197 4138 Regis
211 4073 270 4124 ket.
290 4080 439 4127 440-457.
454 4079 526 4143 lev.;
552 4091 578 4127 u.
594 4080 629 4140 o.)

595 4363 755 4374 n-—n—-o-—fln
