3222 5240
618 359 712 424 1332.
1164 363 1225 424 287

88 533 230 615 fraude;
257 541 289 600 et
315 535 460 602 inimicos
480 536 559 602 dicti
585 536 705 601 domini
723 535 860 601 Comitis
876 535 1016 619 Neliptii
1031 536 1153 602 bebere
1171 558 1229 619 per

89 663 208 708 eorum
234 643 390 726 inimicos,
417 646 623 728 exceptis
656 643 877 710 dominum
909 644 1073 728 Regem
1105 644 1229 710 Hun-

88 752 229 833 garie,
264 758 296 816 et
321 752 484 818 subiectos
509 753 664 818 Dominio
690 750 812 817 Ducali
837 743 1071 836 venetiarum}
1087 758 1121 817 et
1137 754 1226 836 ipsos

89 858 355 942 quadringentos
366 860 512 925 homines
532 858 594 924 sibi
612 859 738 925 dandos
762 860 847 924 idem
864 859 1012 926 dominus
1029 859 1146 926 Comes
1161 857 1227 924 Ne-

87 967 210 1050 liptius
235 969 338 1051 possit
363 967 543 1034 conducere
568 973 683 1032 contra
709 985 783 1033 suos
809 968 1051 1048 inimicos,cum
1068 967 1222 1032 damnum

91 1075 155 1140 sibi
182 1075 237 1139 vel
262 1077 348 1157 genti
366 1096 423 1140 sue
440 1075 519 1141 dare
535 1074 770 1156 contingerent,
786 1074 820 1140 in
838 1073 1010 1141 sclavonia
1025 1081 1164 1140 tantum.
1180 1074 1227 1138 Et
1275 1095 1278 1100 ·

91 1178 156 1246 hoc
185 1182 402 1264 intelligatur,
419 1182 507 1264 quod
531 1182 677 1263 predicte
693 1187 760 1245 tres
778 1180 939 1248 Ciuitates
956 1187 1131 1247 teneantur
1148 1182 1226 1246 dare

90 1288 204 1354 dictos
215 1289 472 1374 quadringentos
483 1288 845 1370 hominessolummodo,
856 1289 986 1375 quando
1004 1291 1110 1356 dictus
1127 1291 1229 1357 domi·

4 1433 5 1436 ¹
91 1420 153 1463 nus
181 1397 303 1464 Comes
328 1399 496 1482 Neliptius
511 1398 729 1482 personaliter
744 1399 808 1463 iret
824 1404 939 1466 contra
954 1399 1059 1465 dictos
1075 1420 1150 1465 suos
1170 1401 1229 1466 ini·

4 1575 6 1584 ,
90 1507 207 1588 micos,
234 1512 267 1570 et
291 1506 388 1571 aliter
413 1528 486 1572 non.
510 1508 557 1573 ut
583 1508 611 1570 si
636 1507 840 1589 contingeret
866 1529 924 1591 per
939 1508 1045 1591 ipsum
1061 1509 1226 1574 dominnm

93 1611 262 1678 Comitem
273 1612 455 1696 Neliptium
471 1614 519 1678 vel
535 1621 663 1696 gentem
680 1635 770 1678 auam
786 1616 910 1704 moueri
926 1635 1085 1698 guerram,
1103 1637 1159 1680 seu
1177 1615 1229 1680 de·

4 1707 6 1780 s
95 1720 317 1800 robationem,
333 1720 385 1785 rel
411 1721 640 1790 derobatioues
671 1721 770 1786 alicui
796 1741 936 1803 persone
962 1720 1079 1805 facere,
1104 1721 1227 1805 absque

4 1815 5 1818 ¹
94 1827 281 1908 voluntate,
300 1828 349 1891 vel
372 1827 584 1908 requisitione
600 1829 745 1910 ipsorum
770 1829 869 1893 trium
886 1814 1049 1894 Comitum
1066 1833 1099 1894 et
1116 1850 1228 1895 earum

97 1931 297 2018 Ciuitetum,
314 1956 452 2018 quarum
469 1941 544 2000 sunt
560 1921 714 2015 Comites,
740 1937 827 2018 quod
850 1936 991 2018 predicti
1007 1936 1149 2002 Comites
1173 1959 1230 2003 seu

4 2051 6 2062 '
96 2041 263 2108 Ciuitates
280 2043 424 2128 predicte
449 2043 492 2108 ad
516 2042 680 2125 predictos
705 2042 959 2126 quadringentos
984 2043 1131 2108 homines
1162 2044 1226 2109 sibi

4 2165 5 2228 ξ
99 2147 230 2216 dandos
246 2151 378 2215 minime
395 2155 587 2229 teneantur;
616 2171 693 2213 nec
717 2157 880 2215 contra
904 2150 1124 2215 dominum
1156 2149 1229 2214 Re-

4 2343 6 2352 ,
98 2278 194 2340 gem
211 2259 278 2322 Hu
289 2257 453 2341 ngarie,
465 2262 497 2322 et
512 2257 674 2322 subiectos
691 2257 810 2322 domini
829 2258 940 2336 Ducis,
957 2258 1000 2322 ad
1015 2256 1229 2340 prestandum

4 2355 6 2394 ³
99 2365 208 2430 eidem
224 2366 356 2431 domino
374 2365 494 2431 Comiti
512 2363 546 2429 N
549 2365 667 2448 elipoio
683 2364 839 2430 auxilium
856 2363 1078 2448 supradictum
1093 2364 1231 2431 nullate·

4 2469 5 2474 ’
102 2495 163 2538 nus
181 2479 365 2537 teneantur.
381 2472 426 2537 Et
441 2471 590 2555 predicta
605 2473 712 2537 omnia
745 2478 777 2537 et
802 2473 932 2554 singula
957 2472 1181 2555 suprascripta
1197 2480 1230 2538 et

99 2581 320 2665 infrascripta,
351 2582 392 2646 ab
423 2579 582 2645 hodierna
608 2581 660 2644 die
686 2582 720 2644 in
752 2587 850 2646 antea
867 2581 992 2645 initium
1017 2581 1230 2664 absumptura

4 2727 5 2730 =
102 2689 189 2768 sint;
208 2696 240 2754 et
258 2688 397 2755 debeant
413 2689 602 2773 perdurare,
619 2687 720 2753 donec
737 2686 776 2754 dc
792 2689 928 2754 Ducalis
944 2687 1091 2754 Dominii
1106 2711 1230 2772 preces-

4 2807 5 2816 ’
101 2797 182 2861 serit
197 2796 403 2878 beneplacito
435 2795 622 2860 voluntatis.
648 2795 715 2862 Pro
743 2794 859 2877 quibus
877 2794 1025 2862 omnibus
1043 2804 1075 2860 et
1092 2795 1228 2878 singulis

4 2913 5 2920 ’
103 2902 315 2970 observandis
332 2909 365 2968 et
381 2903 517 2968 firmiter
533 2902 744 2969 attendendis
761 2902 845 2968 idem
867 2903 1015 2968 domium
1032 2901 1148 2968 Comes
1164 2903 1230 2968 Ne·

4 3065 5 3068 ,
102 3009 220 3094 liptius
237 3032 295 3094 per
312 3033 345 3076 se
361 3017 394 3076 et
411 3011 539 3076 nomine
556 3011 661 3093 gentis
678 3031 735 3075 sue
752 3032 791 3076 ex
811 3029 876 3074 una
891 3014 994 3092 parte.
1011 3016 1043 3075 et
1059 3005 1085 3073 J
1086 3009 1229 3074 ohannes

104 3117 274 3204 Stephani,
300 3120 452 3204 syndicus
477 3127 510 3185 et
535 3125 732 3204 procurator
750 3115 939 3183 Communis
956 3123 989 3182 et
1004 3117 1171 3182 hominum
1188 3118 1229 3183 de

102 3223 251 3310 Spalato,
267 3227 388 3293 Daniel
404 3226 532 3307 Jacobi,
550 3227 698 3311 syndicus
715 3233 748 3291 et
773 3231 968 3311 procurator
988 3224 1179 3291 Communis
1197 3230 1230 3292 et

101 3334 270 3402 hominum
286 3336 326 3402 de
343 3337 513 3422 Tragurio,
529 3336 738 3402 Radoslavus
755 3337 923 3420 Micbette,
939 3336 1090 3422 syndicus
1107 3344 1139 3402 et
1155 3357 1232 3420 pro·

4 3527 5 3532 ἵ
101 3455 236 3512 curator
251 3444 438 3512 Communis
455 3451 487 3511 et
501 3445 668 3510 hominum
685 3444 724 3510 de
740 3443 904 3524 SibenicO,
919 3445 952 3509 in
969 3466 1082 3510 eorum
1097 3453 1129 3509 et
1145 3445 1230 3527 ipso·

104 3572 193 3634 rum,
211 3573 348 3635 quorum
365 3559 440 3618 sunt
456 3553 579 3637 syndici
597 3557 629 3618 et
645 3559 881 3637 procuratores,
897 3554 1022 3617 animas
1039 3552 1230 3617 iuraverunt

4 3711 6 3728 t
105 3660 322 3744 corporaliter
353 3661 396 3726 ad
422 3659 544 3727 Sancta
575 3659 637 3726 Dei
653 3660 854 3744 Evangelia,
885 3665 981 3726 tactis
1013 3657 1230 3724 sacrosanctis

4 3759 5 3762 ¹
105 3771 288 3855 scripturis,
305 3769 453 3855 predicta
470 3771 578 3836 omnia
608 3775 641 3834 et
671 3769 801 3851 singula
817 3769 1042 3852 suprascripta
1074 3771 1106 3831 et
1131 3764 1230 3830 infra·

106 3879 229 3962 scripta
245 3875 411 3942 bonafide
428 3877 496 3943 sine
512 3877 627 3942 fraude
644 3875 813 3941 attendere
831 3881 864 3939 et
880 3873 1062 3956 observare,
1072 3879 1103 3938 ct
1114 3879 1229 3937 contra

105 3985 137 4049 in
153 3987 266 4068 aliquo
283 4007 348 4050 non
365 3985 473 4052 lacere
489 3985 540 4050 rel
556 3985 664 4050 venire
681 3984 794 4065 aliqua
811 3989 936 4049 ratione
953 3983 1003 4046 vel
1018 4001 1124 4047 causa.
1150 3977 1230 4062 Qui-

4 4101 6 4172 }
105 4092 163 4160 bus
180 4091 329 4159 omnibus
346 4096 392 4158 sic
408 4094 551 4177 peractis
568 4092 781 4177 suprascripti
797 4091 920 4156 domini
931 4090 1074 4156 Comites
1092 4093 1123 4152 et
1139 4086 1230 4151 nobi·

106 4199 150 4266 les
161 4201 344 4266 Ciuitatnm
360 4202 593 4284 predictarum,
609 4202 751 4265 volentes
766 4200 852 4265 inter
870 4221 903 4263 se
913 4206 1028 4264 taxare
1038 4203 1071 4262 et
1090 4193 1233 4259 dividere

4 4371 5 4374 ,
108 4307 193 4391 ipsos
210 4309 470 4392 quadringentos
497 4310 641 4374 homines
667 4308 771 4373 eidem
797 4306 928 4371 domino
945 4305 1066 4372 Comiti
1084 4303 1233 4386 Neliptio

4 4395 5 4474 Ῐ
109 4416 241 4499 dandos,
257 4420 362 4502 primo
380 4423 413 4481 et
437 4418 664 4501 principaliter
690 4416 841 4481 dominus
867 4413 1022 4480 Nicoleus
1048 4413 1087 4477 de
1103 4411 1230 4477 Melino

4 4543 5 4546 ’
113 4523 226 4592 Comes
239 4517 443 4612 Spalatensis
460 4524 502 4590 de
519 4546 676 4593 consensu
688 4530 721 4588 et
730 4523 896 4588 voluntate
907 4521 1068 4587 dictorum
1078 4519 1233 4586 nobilium
