3222 5240
412 331 476 392 302
764 347 998 393 nrruouacumi
1016 335 1183 393 nutatura.

411 507 518 588 ipsum
550 503 713 569 domiuum
737 504 862 587 Regem
886 507 1154 572 transmittendos
1182 506 1375 582 accelerare,
1400 502 1531 567 doneca

413 613 505 677 nobis
523 611 563 675 de
579 612 679 694 ipsius
695 611 817 676 domini
834 612 936 694 Regis
969 613 1111 678 adventu
1144 613 1297 678 noveritis
1313 611 1531 686 veritatemet

415 740 474 784 nus
491 739 562 782 eam
578 717 697 786 Vestra
715 719 945 784 Dominaticne
956 721 1128 785 notificare
1144 720 1274 802 penitus
1290 711 1532 801 procurabimus

415 825 544 908 quando
561 825 624 890 fiet.
642 825 799 891 Ceterum
815 827 953 892 laterem
971 828 1173 910 presencium
1198 827 1346 891 homines
1372 823 1533 889 vestrossi

415 931 566 996 tardaret
595 932 681 996 vltra
714 933 868 1015 debitum,
894 943 1064 1000 excusatos
1095 934 1216 998 habere
1234 932 1409 1016 dignemini
1427 936 1533 995 nostra

414 1059 520 1121 prece,
538 1039 615 1120 quia
630 1041 741 1122 pocius
757 1042 860 1105 nostri
877 1063 974 1107 causa
989 1042 1170 1106 tardaverit
1195 1040 1234 1104 de
1259 1039 1424 1104 redeundo
1442 1057 1533 1118 quam

414 1167 473 1210 suu
490 1144 639 1210 deffectu.
668 1146 792 1211 Datum
822 1148 927 1230 Veglc
944 1149 997 1213 die
1022 1146 1120 1216 XVI.
1145 1147 1348 1228 Decembris,
1371 1146 1475 1228 prime
1491 1145 1533 1207 in·

418 1252 579 1318 dictionis.

525 1416 559 1476 (A
576 1416 680 1480 »Copia
693 1417 725 1465 de
753 1419 991 1468 ozmmemoriam
1015 1419 1105 1466 czinrii
1130 1415 1269 1466 velenczei
1295 1416 1474 1477 aillamkbnyv
1487 1414 1531 1461 111.

419 1502 477 1552 nat.
489 1509 521 1552 90
535 1506 596 1567 lein,
610 1521 627 1555 a
642 1506 759 1557 hecates.
773 1509 861 1558 titkos
874 1508 1070 1570 leveltarban.)

414 2052 530 2118 Redeat
553 2049 683 2114 sicilici
708 2047 889 2132 kirdlpauk
914 2049 1075 2112 kiadciaai
1100 2049 1218 2114 Rodert
1243 2050 1370 2135 Kdroty
1401 2069 1531 2134 niapyur

749 2155 1091 2240 kirddyfopaddadra.
1112 2159 1206 2219 1333.

527 2333 624 2398 Anno
656 2331 965 2398 MCOCXXXIII.
997 2333 1050 2397 die
1066 2333 1112 2398 II.
1143 2331 1305 2416 dernuarij.
1338 2335 1474 2400 Nicolau
1497 2333 1530 2396 de
1584 2392 1587 2401 .

420 2440 548 2524 Lupulo
580 2447 613 2503 ct
644 2439 751 2503 Locco
786 2438 886 2521 Spine
917 2439 1100 2524 drapperiis
1131 2461 1191 2522 pro
1223 2443 1330 2522 pretio
1363 2463 1530 2506 cannarum

418 2546 550 2611 XXIX
567 2553 601 2610 et
616 2545 800 2627 palmorum
816 2543 868 2612 IV
892 2547 991 2627 parmi
1020 2547 1059 2610 de
1076 2547 1151 2610 lana
1168 2547 1372 2610 diuersorum
1389 2549 1532 2626 calorum,

418 2655 458 2717 dc
476 2654 594 2734 quibus
610 2652 698 2716 facta
714 2661 764 2718 eat
780 2652 878 2716 tenda
902 2675 965 2717 vua
990 2653 1033 2718 ad
1050 2675 1142 2718 arma
1159 2654 1277 2736 Regia,
1297 2662 1329 2719 et
1346 2653 1532 2738 Spectabilis

418 2760 541 2826 domini
557 2757 659 2842 Regis
676 2757 821 2840 Vngaric
838 2760 965 2841 nepotis
981 2761 1088 2844 Regu,
1113 2761 1254 2824 liberata
1271 2761 1305 2824 iu
1323 2759 1459 2826 Cumara
1477 2763 1532 2825 Re·
1585 2801 1586 2804 =

417 2870 472 2950 gia
487 2889 547 2950 pro
564 2866 649 2930 felici
666 2887 798 2930 accessu
814 2867 893 2930 dicti
910 2869 1035 2950 nepotis
1052 2868 1149 2951 Regij
1168 2870 1200 2932 in
1217 2869 1369 2950 Regnum
1408 2906 1450 2914 —-
1495 2903 1530 2912 -υ

421 3011 912 3023 ——————
996 2977 1089 3040 uncie
1114 2974 1170 3039 XI
1185 2977 1292 3040 tareni
1310 2977 1346 3039 X
1363 2997 1495 3058 granum
1509 2972 1532 3036 Ι.

523 3081 693 3145 Dominico
711 3083 837 3163 Boyani
853 3104 912 3164 pro
929 3083 1040 3147 cannis
1058 3082 1158 3149 XLV
1185 3083 1314 3148 cundati
1331 3084 1451 3148 caloris
1467 3081 1530 3146 uiri·

417 3187 476 3269 dis,
493 3189 531 3253 de
549 3189 666 3272 quibus
682 3188 866 3254 infoderata
883 3197 931 3254 est
949 3191 1047 3255 tenda
1064 3192 1135 3273 ipsa
1210 3229 1253 3236 -—
1300 3227 1343 3237 —-
1388 3192 1477 3255 uncie
1491 3187 1527 3256 V.

524 3297 640 3360 Eidem
659 3297 826 3360 Dominicu
844 3318 903 3379 pro
920 3299 1032 3361 cannis
1047 3296 1286 3364 LXXXVIII
1297 3305 1327 3361 et
1339 3294 1528 3380 pnimisVII

418 3402 547 3468 cendati
567 3403 772 3468 diuersorum
790 3405 943 3482 colorum,
962 3406 1001 3468 de
1020 3405 1139 3486 quibus
1160 3405 1238 3469 facti
1256 3412 1331 3468 suut
1347 3401 1530 3488 piguoncelli

419 3511 462 3574 ad
479 3511 679 3591 quarterium
697 3511 834 3593 XXIV,
851 3512 908 3575 alii
925 3511 1121 3594 pignaucclli
1139 3511 1214 3590 LX,
1231 3511 1394 3576 confaloui
1420 3513 1489 3590 duc,
1502 3517 1527 3571 et

417 3619 573 3684 bandiera
589 3642 652 3684 vna
669 3620 710 3683 ad
729 3641 819 3684 arma
836 3619 943 3702 Regia
969 3627 999 3684 et
1026 3621 1182 3703 Vngarie⁷
1198 3621 1337 3685 liberate
1353 3621 1385 3684 in
1403 3619 1526 3684 Carnem

418 3726 526 3811 Regia
572 3767 614 3776 --
662 3766 704 3774 -
751 3765 793 3774 -—
840 3767 884 3776 -
946 3730 1037 3790 uncie
1054 3727 1110 3790 XI
1127 3730 1231 3792 tareni
1249 3727 1325 3791 IIII
1344 3749 1445 3809 grana
1462 3722 1526 3790 VIL

417 3843 422 3898 Γ
509 3833 611 3898 Pucic
629 3835 669 3898 de
687 3833 923 3899 SanctaCrucc
938 3855 999 3916 pro
1015 3836 1120 3916 pretio
1138 3842 1226 3899 certe
1244 3837 1440 3917 quantitatis
1456 3835 1527 3898 fran-

418 3943 547 4026 giarum
563 3943 745 4024 positarum
763 3944 795 4006 in
813 3943 970 4026 predictis
1003 3942 1149 4022 consulis,
1175 3941 1342 4008 bandieris
1360 3951 1391 4006 et
1407 3945 1526 4026 pignon-

420 4049 511 4112 ccllis
581 4087 1070 4099 ------
1117 4053 1225 4115 tareni
1241 4051 1365 4116 XXII.
1383 4071 1482 4134 grana
1495 4043 1526 4112 V.

528 4155 690 4240 Magistro
723 4155 855 4240 Augeio
887 4160 1114 4237 armaturaric,
1146 4165 1179 4222 et
1211 4158 1375 4239 Magistro
1400 4152 1525 4239 Rogerio

422 4263 573 4327 similiter
589 4267 807 4330 armaturariu
825 4287 883 4347 pro
900 4264 1029 4330 factura
1045 4266 1205 4329 dictorum
1220 4265 1326 4343 tende,
1360 4264 1525 4330 confalone-

421 4390 502 4450 rum‚
518 4371 748 4437 bandierarurn
765 4380 798 4435 ct
813 4373 1100 4454 pignuuccllarum,
1132 4374 1327 4454 computatis
1345 4380 1423 4451 seta,
1439 4370 1527 4446 filati

420 4474 495 4560 abja
511 4481 680 4558 oport-unis
727 4517 769 4530 -
817 4519 859 4527 -«
909 4520 949 4527 -
998 4520 1039 4526 —
1085 4482 1176 4546 vueie
1196 4479 1247 4544 VI.
1264 4481 1367 4544 tareni
1386 4469 1525 4544 XXIIII.
