3234 5238
723 353 959 412 Dll’bousozrm
976 351 1143 410 animust.

920 655 947 715 5.

368 781 395 844 Ι.
412 783 539 868 Kdrcly
557 783 688 847 sicilici
713 781 895 865 kirdlyoolc
920 780 1115 844 intdclceddse
1141 778 1260 842 Mdrc'a
1293 777 1405 840 Istodn
1438 773 1500 860 cfj.

368 895 509 960 mopyar
525 872 639 958 kirdly
654 873 783 956 ledoya,
794 869 995 956 jo'oeudb'beli
1019 868 1214 950 monaydoek
1231 865 1404 951 Ndpolyba
1421 878 1500 929 ccta-

727 965 804 1024 zdca
819 959 1013 1044 tdrpydbaa.
1040 960 1133 1021 1269.

476 1137 641 1204 Charolus
666 1143 728 1203 etc.
754 1137 916 1218 Magistro
942 1141 975 1199 et
998 1133 1162 1200 Nicholao
1188 1133 1335 1198 Boncelli
1362 1137 1394 1196 et
1419 1132 1502 1197 Jos-

368 1246 473 1312 celino
490 1247 531 1311 de
553 1247 677 1312 Merra
693 1246 780 1311 Ecce
797 1245 884 1328 quod
901 1265 960 1326 pro
977 1243 1127 1326 equitatu
1145 1241 1212 1306 filie
1228 1240 1374 1306 Illustris
1393 1239 1502 1321 Regis

368 1351 548 1437 Hongarie,
565 1352 673 1417 future
689 1373 789 1416 nurus
805 1357 916 1416 nostre
932 1349 1113 1428 karissime,
1130 1369 1168 1412 ac
1192 1367 1407 1430 personarum
1422 1367 1501 1410 eam

368 1458 600 1539 comitantium,
616 1456 805 1541 palafredos
825 1456 874 1538 X,
897 1464 930 1520 et
960 1476 1020 1538 pro
1052 1453 1228 1519 deferendo
1245 1455 1315 1518 eius
1343 1451 1503 1517 hernesio

368 1564 472 1631 mulos
489 1563 604 1628 XXX
620 1585 680 1648 per
696 1564 873 1647 parochum
898 1564 1053 1628 latiorem
1078 1563 1279 1644 presentium
1306 1559 1503 1624 marescallo

372 1676 483 1736 nostre
499 1672 678 1736 seruientes
694 1672 737 1736 ad
753 1676 862 1754 partes
879 1672 967 1753 ipsas
983 1670 1180 1751 dirigamus:
1201 1667 1291 1733 vobis
1316 1667 1503 1732 nichilomi-

370 1799 431 1842 nus
458 1797 609 1861 expresse
634 1777 835 1858 mandamus
861 1782 1021 1861 quatenus
1041 1778 1069 1841 si
1093 1797 1152 1860 pro
1178 1775 1327 1858 equitatu
1353 1775 1404 1838 vel
1429 1794 1500 1838 ser-

370 1885 461 1968 uitijs
488 1884 585 1968 plura
608 1885 693 1949 forte
709 1886 866 1950 animalia
881 1885 967 1949 dicte
987 1885 1083 1949 nurui
1114 1887 1234 1960 nostre,
1266 1882 1316 1946 vel
1347 1882 1501 1964 personis

371 2012 443 2056 eam
461 1991 690 2056 comitantibus
706 1990 828 2056 fuerint
844 1998 1016 2075 oportuna,
1033 1991 1072 2056 de
1088 1989 1250 2055 habendis
1266 1996 1298 2054 et
1308 1991 1502 2054 ministran-
1606 2053 1607 2060 ,

369 2098 419 2164 dis
434 2097 629 2164 animalibus
644 2100 724 2182 ipsis
739 2104 807 2163 tarn
818 2099 993 2182 diligenter
1003 2107 1035 2164 et
1052 2099 1189 2163 sollicite
1205 2097 1396 2182 procuretis,
1407 2098 1501 2179 qnod

369 2204 491 2271 nullum
507 2206 637 2289 penitus
653 2206 825 2288 contingat
838 2206 1038 2270 interuenire
1063 2205 1231 2270 delectum.
1259 2203 1384 2268 Datum
1409 2205 1502 2273 Nee-

369 2312 438 2395 poli
453 2310 515 2381 VI.
532 2310 660 2396 Aprilis
676 2311 781 2376 XIII.
807 2313 1005 2378 indictionis.

476 2452 513 2521 (A
529 2456 667 2522 »Registri
687 2456 839 2522 Angioini‹
855 2455 883 2505 O.
906 2462 996 2507 ll.su.
1022 2457 1093 2522 Regi
1118 2459 1216 2508 Keroli
1243 2458 1264 2506 1.
1278 2457 1423 2508 kotetebdl
1451 2461 1497 2506 54.

368 2545 441 2607 lev-3
462 2555 488 2592 n.
501 2547 539 2607 o.)

942 2691 1011 2698 ..m

920 2911 948 2969 6.

368 3030 495 3094 Βονπάί
512 3031 639 3095 oaeiooi
656 3035 735 3115 cpdt
752 3032 785 3094 έε
810 3031 840 3092 Ι.
867 3031 995 3115 Kdroly
1019 3030 1149 3096 sicilici
1181 3032 1295 3116 lcc'rdly
1326 3033 1502 3098 kdvcteoek

561 3121 753 3200 caucaseae,
767 3122 850 3204 kopp
864 3120 1021 3186 Jodrdba
1039 3121 1182 3185 drlcczett.
1201 3123 1296 3186 1269.

475 3293 664 3359 Bernardus
679 3295 745 3359 Dei
761 3295 873 3378 gratia
889 3294 1075 3361 Oasinensis
1100 3295 1216 3363 Abbas
1241 3298 1372 3363 humilis
1397 3300 1501 3364 caris-

369 3398 451 3464 simo
468 3401 501 3463 in
518 3399 553 3465 Ο.
570 3399 667 3466 fratri
683 3399 828 3466 Rectori.
853 3401 1002 3467 Fauento
1020 3400 1154 3468 Christo
1171 3404 1332 3472 dominica
1361 3407 1395 3470 in
1420 3403 1502 3470 Pal·
1606 3419 1607 3422 ’

370 3504 431 3570 mis
445 3505 606 3572 Jadaram
621 3507 824 3574 introiuimus
841 3511 911 3579 sani
929 3531 1001 3578 cum
1019 3511 1168 3577 omnibus
1186 3514 1282 3598 socijs
1299 3521 1333 3579 et
1357 3513 1502 3580 familia·
1605 3565 1607 3574 s

370 3611 471 3693 ribus,
488 3635 570 3698 quos
587 3615 629 3680 ad
645 3614 852 3699 Hungariam
868 3619 1017 3686 duximus
1028 3658 1070 3667 -
1081 3658 1125 3668 —
1135 3658 1179 3667 —
1189 3624 1355 3706 nauigium
1372 3619 1501 3688 domini

369 3721 474 3786 nostri
503 3723 712 3805 prestolando
744 3724 864 3790 ibidem
881 3764 924 3774 -
940 3764 983 3774 -
1000 3733 1252 3812 -tantumque
1283 3729 1345 3795 fuit
1370 3731 1501 3796 deside·

369 3828 451 3893 rium
469 3829 627 3910 veniendi,
644 3830 730 3913 quod
747 3853 839 3898 mons
856 3871 898 3881 —
916 3873 959 3882 -
975 3871 1019 3882 -
1036 3835 1246 3902 Sclauoniam
1263 3837 1422 3918 diuidens,
1438 3841 1499 3922 qui

368 3936 459 4002 nobis
476 3935 675 4003 dificillimus
691 3938 755 4004 luit
770 3940 805 4004 in
823 3943 939 4022 eundo,
965 3944 1177 4011 redeuntibus
1201 3945 1235 4009 in
1261 3944 1401 4027 quodem
1426 3944 1500 4028 pla-

366 4041 541 4108 nicie'sunt
555 4046 714 4126 conuersi,
732 4051 765 4111 et
781 4047 827 4113 sic
842 4069 947 4131 praue
963 4049 1050 4116 fecte
1066 4052 1191 4116 suntin
1216 4050 1351 4131 directa,
1382 4057 1414 4116 et
1445 4073 1498 4116 as-

366 4169 447 4232 pera
473 4152 694 4234 reputauimus
720 4153 788 4220 vias
804 4155 931 4238 planas.
947 4155 1076 4222 Curetis
1092 4156 1126 4221 id
1144 4157 1187 4224 ad
1201 4159 1357 4241 gaudium
1372 4158 1497 4224 nostrin

367 4257 530 4336 nunciare,
547 4257 688 4324 Decanis
704 4261 899 4344 specialiter,
916 4261 1085 4344 Secroque
1111 4262 1295 4330 Conuentui
1313 4263 1497 4347 Oasinensi,
1606 4311 1607 4314 =

366 4356 658 4446 Archipresbitero‚
683 4365 927 4434 Arohidiacono
944 4368 1040 4436 Senti
1056 4367 1222 4452 Germani,
1238 4393 1277 4437 ec
1292 4370 1498 4438 Protonote-
1606 4385 1607 4442 ἶ

367 4468 418 4534 rio
434 4475 545 4535 nostro
561 4471 690 4538 domino
706 4473 744 4540 Τ.
761 4475 790 4541 d.
805 4498 836 4562 p.
854 4478 875 4541 l.
891 4483 925 4543 et
939 4479 1107 4564 Magistro
1124 4478 1167 4546 N.
1198 4481 1229 4545 d.
1245 4518 1289 4528 —
1305 4518 1349 4528 —
1365 4517 1408 4528 -
1425 4495 1494 4553 —3
