3170 5234
1413 19 1571 140 ..¹

380 379 447 448 lso
739 403 975 450 manonncznr
999 393 1166 450 suntuna.

378 569 410 626 te
427 563 461 624 in
478 561 686 625 domicellum
703 566 737 625 et
751 560 948 626 familiarem
965 571 1111 627 nostrum
1123 561 1348 644 recipimuS,et
1360 557 1498 624 domicel-

378 668 483 732 lorum
495 689 533 732 ac
550 668 761 732 familiarium
778 676 963 734 nostrorum
973 671 1135 734 consortio
1146 688 1383 751 aggregamus3
1401 665 1499 731 volen·

380 782 441 854 tes,
451 782 486 841 vt
496 775 536 839 de
548 781 655 839 cetero
666 775 911 842 domicellorum
922 797 959 842 sc
969 776 1179 842 familiarium
1189 783 1372 839 nostrorum
1380 775 1497 838 nomine

382 884 536 966 gaudeas,
553 888 586 947 et
603 883 724 948 fauoris
740 885 843 947 nostri
859 884 976 966 ubique
994 883 1134 967 presidio
1152 884 1297 966 potiaris.
1315 883 1354 946 In
1365 883 1448 947 cuius
1458 881 1498 943 rei

381 993 604 1057 testimonium
630 997 798 1074 presentes
815 991 940 1056 litteras
959 992 1073 1056 exinde
1090 991 1256 1056 consectas
1277 991 1384 1072 sigillo
1399 995 1500 1054 nostro

382 1101 523 1164 munitas
540 1101 602 1165 tibi
620 1101 769 1165 duximus
786 1101 1019 1164 concedendas.
1060 1099 1184 1164 Datum
1200 1097 1322 1182 Segnia
1338 1097 1435 1164 XVI.
1452 1095 1500 1158 ka-

383 1207 500 1272 lendas
513 1207 712 1292 Septembris
723 1228 808 1272 anno
820 1208 954 1272 Domini
966 1207 1138 1272 millesimo
1149 1208 1370 1272 trecentisimo
1389 1210 1504 1290 oetam,

383 1314 600 1380 Pontificatus
617 1316 740 1380 demini
757 1315 935 1380 Clementis
951 1315 1041 1398 Papo
1058 1313 1097 1380 V.
1115 1335 1201 1379 anno
1217 1315 1324 1379 tertio.

493 1493 634 1556 (Eredetie
648 1495 823 1558 borhtrtydn
836 1511 852 1544 a
864 1497 1003 1546 velenczei
1017 1510 1090 1559 nagy
1103 1493 1297 1558 levdltarban).

872 1673 1030 1682 α--μ-κ

919 1805 993 1864 236.

388 1941 583 2030 Gradoaipo
600 1943 695 2009 Pe'ter
711 1941 865 2009 velenczei
881 1948 958 2032 depe
974 1945 1046 2008 tat
1064 1943 1204 2010 Gerrtilr's
1220 1944 1413 2026 bidernokot,
1427 1943 1500 2030 kopp

393 2054 551 2118 Vendelin
569 2053 721 2119 velenczei
732 2077 805 2137 pap
821 2059 970 2117 szcinrdra
984 2053 1184 2138 praehendat
1206 2051 1504 2138 saerezzeaderdb·

858 2164 1045 2226 taa.1308.
1145 2182 1148 2189 ·

499 2337 611 2402 Fratri
625 2337 793 2402 Cardinali
811 2337 1003 2421 inpartibus
1014 2335 1310 2419 VagarieLegato.
1328 2335 1407 2400 Cum
1418 2334 1504 2398 dilec-

392 2445 447 2506 tus
464 2448 576 2507 noster
591 2444 737 2509 ¹lacobus
752 2442 954 2510 Vendelinus
970 2444 1128 2526 plebanus
1144 2444 1293 2508 Ecclesie
1310 2443 1418 2509 Sancti
1442 2491 1448 2506 .
1470 2489 1475 2504 .
1495 2486 1501 2499 .

393 2545 601 2633 deVenetiis‚
617 2548 800 2616 Canonicus
820 2551 933 2616 Sancti
950 2551 1057 2616 Marci
1075 2549 1114 2614 de
1132 2551 1294 2630 Venetiis,
1311 2549 1503 2622 ltlironensis,

396 2661 428 2718 et
437 2656 586 2723 Ecclesie
603 2658 842 2741 Zagrabiensis‚
861 2681 955 2740 quem
972 2658 1060 2723 lama
1077 2659 1253 2724 laudabilis
1270 2656 1503 2734 recommendat,

394 2763 545 2828 intendat
562 2765 640 2828 dare
656 2786 787 2849 operam
805 2766 912 2830 studio
929 2767 1133 2845 litterarum;
1150 2767 1205 2830 sed
1223 2769 1309 2851 quod
1327 2768 1392 2832 sine
1407 2762 1502 2829 reddi·

395 2871 483 2936 tibus
508 2873 659 2952 nequiret
683 2874 715 2936 in
742 2872 890 2938 effectum
916 2873 1092 2938 deducere:
1127 2877 1361 2956 paternitatem
1376 2879 1504 2940 vestram

397 2977 570 3042 affectuose
588 3000 749 3062 rogamus,
774 2990 933 3062 quatenus
950 2981 1054 3045 eidem
1072 2982 1249 3064 dignemini
1267 2983 1307 3046 de
1324 2981 1427 3064 gratis
1445 2995 1506 3060 spe-

398 3084 471 3147 ciali
489 3085 672 3164 concedere,
699 3087 786 3167 quod
804 3089 920 3168 ipsein
937 3090 1050 3169 aliqua
1065 3090 1286 3154 Ecclesiarurn
1302 3107 1428 3154 suarum
1444 3103 1504 3168 pos

400 3191 442 3254 sit
467 3193 630 3274 percipere
656 3191 802 3258 redditus
828 3194 994 3277 prebende
1011 3195 1097 3260 dicte
1114 3196 1264 3262 Ecclesia
1281 3193 1503 3279 Zagrabiensis.

398 3295 526 3363 Datum
543 3299 594 3363 die
612 3301 715 3383 primo
734 3301 897 3384 Octobris,
913 3305 1091 3369 indictione
1108 3305 1186 3374 Vll.

508 3479 645 3536 (Eredetie
659 3481 832 3545 bdrlrttrtydn
848 3498 865 3535 a
879 3485 1017 3534 velenczei
1031 3497 1106 3550 uagy
1119 3486 1315 3546 lerdltatrban).

930 3787 1003 3850 ί237.

400 3905 590 3996 Gradom'po
609 3907 701 3974 Pc'ter
726 3907 878 3974 velenczei
904 3909 980 3997 slope
1004 3915 1152 3995 seducenti
1170 3913 1318 3980 Sibenico
1343 3908 1500 3979 odroslriia·

399 4018 481 4101 adpe't
498 4040 578 4080 ozon
595 4018 804 4102 tardemus-019
820 4019 1040 4099 tekiuteteibca,
1065 4025 1177 4109 arelyet
1194 4025 1277 4086 mint
1294 4025 1379 4088 kezes
1395 4023 1502 4106 Gyiirpy

668 4125 822 4188 almissai
836 4129 965 4213 profert
976 4113 1146 4213 leljcsitett.
1166 4136 1260 4197 1308.

509 4295 607 4364 Anno
623 4297 757 4364 Domini
774 4301 947 4371 millesimo
964 4310 1192 4374 trecentesimo
1209 4315 1335 4392 octauo,
1351 4303 1502 4373 iunctione

402 4403 548 4483 septima,
573 4406 625 4471 die
641 4409 793 4490 vigesimo
810 4419 900 4477 sexto
916 4415 1058 4480 intrante
1076 4417 1243 4499 Octobris,
1271 4420 1305 4481 in
1321 4415 1438 4501 palatio
1451 4407 1502 4472 Du·

402 4510 494 4570 catus
510 4507 731 4594 Venetiarurn,
758 4521 959 4597 presentibus
986 4522 1126 4587 dominis
1144 4523 1284 4590 Andrea
1309 4525 1347 4589 de
1363 4514 1501 4597 Norcnng
