3234 5238
410 354 454 417 44
766 369 998 415 nienorraczrsr
1015 357 1182 414 austras.

409 533 468 596 tibi
488 532 640 595 restituat
668 536 701 593 et
716 531 865 612 resignet.
883 529 968 593 Item
986 530 1159 612 perunctae
1177 529 1303 613 extrahj
1321 529 1455 594 ordeum
1471 549 1519 612 pro

411 639 504 722 equis
521 637 688 704 Guillelmi
707 636 1058 721 Brunellj‚marescallj
1076 636 1215 721 predicti
1226 638 1365 701 scccrtia
1376 635 1462 722 (igy)
1477 637 1522 700 mi-
1604 704 1605 708 ,

413 747 515 826 litum,
525 751 559 810 et
569 769 628 830 pro
645 746 721 829 ipsis
731 746 823 827 equis
833 744 943 810 decem
967 745 1201 829 armigerorum
1217 744 1448 829 deputatorum
1464 764 1523 808 cum

413 855 495 937 ipso.
512 852 618 938 Super
637 853 752 936 quibus
763 854 911 919 omnibus
931 854 977 919 sic
991 852 1203 937 prouidenter
1219 859 1253 918 te
1269 874 1377 936 gerere
1395 853 1525 924 studeas,
1602 864 1604 872 ’

414 962 501 1045 quod
512 963 545 1028 in
556 967 729 1045 conspectu
740 959 900 1028 Culminis
916 962 1032 1028 Nostri
1050 963 1154 1046 possis
1179 960 1315 1045 proinde
1324 961 1443 1026 merito
1455 982 1524 1026 com·

416 1069 572 1154 mendarj.
583 1071 707 1136 Datum
717 1071 804 1155 apud
815 1071 937 1136 Lacum
945 1069 1188 1138 PensilcmVIL
1199 1066 1329 1152 Aug.V.
1340 1068 1526 1134 indictionis.

419 1288 462 1337 hm
486 1215 713 1348 ¹⁴getlsstegispri
727 1215 874 1281 Augioini«
890 1218 922 1268 A.
937 1220 979 1266 25.
992 1233 1029 1268 sz.
1045 1219 1128 1282 »aeg
1143 1216 1234 1269 Caroli
1247 1217 1285 1266 1.‹
1312 1215 1402 1266 czim'u
1429 1211 1525 1265 toute·

464 1323 470 1336 .
538 1327 543 1338 .
568 1301 632 1352 .;n.
645 1302 669 1337 o.

898 1399 1055 1408 ——--—

950 1564 1003 1626 47.

419 1687 447 1749 Ι.
464 1685 591 1770 Ka'roly
607 1686 734 1749 sicilici
764 1686 946 1773 dirdlynak
976 1712 1168 1774 isgyanaaon
1199 1693 1336 1774 tdrqyra
1372 1686 1533 1750 ucnatkozo'

836 1796 999 1860 rendelete.
1029 1798 1121 1860 1277.

526 1933 693 2020 Scriptum
708 1944 756 2003 est
772 1937 943 2022 Magistris
960 1937 1186 2007 Prothontinis
1203 1944 1235 2003 et
1246 1937 1438 2006 Postulanis
1449 1931 1532 2018 Apu·

420 2041 461 2108 lie
478 2048 538 2108 etc.

528 2152 696 2219 Fidelitati
712 2159 816 2219 vestre
848 2154 997 2221 districte
1027 2155 1232 2241 precipimus,
1263 2159 1422 2237 quatenus
1454 2152 1536 2216 iuxta

421 2260 664 2341 requisitionem
681 2266 714 2326 et
730 2262 946 2345 prouisicnem
962 2262 1157 2330 venerabilis
1173 2263 1233 2328 viri
1259 2261 1415 2344 Magistri
1449 2257 1534 2325 Petri

423 2366 580 2432 Farinelli
596 2374 658 2435 etc.
673 2369 803 2434 onerari
819 2375 853 2434 et
868 2371 995 2436 extrahi
1012 2371 1146 2436 ordeum
1161 2392 1222 2455 pro
1238 2391 1368 2434 annona
1385 2387 1537 2450 equorum

422 2475 560 2539 militum
586 2475 813 2559 deputatorum
839 2501 910 2543 cum
935 2477 1064 2544 Jacobo
1091 2479 1130 2544 de
1155 2479 1306 2544 Bursono
1330 2475 1485 2542 familiari
1509 2481 1537 2538 et
1603 2478 1606 2500 ²

421 2582 509 2648 fideli
525 2589 645 2664 nostro,
661 2585 748 2650 ituro
764 2583 945 2670 Capitaneo
963 2586 1003 2652 ad
1020 2593 1130 2671 partes
1146 2586 1292 2669 Vngarie
1307 2584 1349 2649 de
1369 2581 1537 2648 Celsitndi-

421 2691 471 2756 nis
488 2690 608 2757 Nostre
624 2695 795 2774 mandat03
820 2717 879 2760 uec
912 2717 975 2761 uon
1007 2717 1161 2780 equorum
1195 2692 1362 2759 Guillelmi
1394 2691 1538 2758 Brunelli

343 2835 351 2854 ·
424 2799 618 2885 Marcscalli,
635 2824 674 2868 uc
705 2806 843 2870 militum
875 2812 908 2871 et
939 2805 1175 2888 armigerorum
1207 2802 1440 2886 deputatorum
1472 2822 1538 2865 cum

424 2908 490 2990 illo,
507 2916 539 2976 et
555 2911 694 2977 aliorum
711 2915 808 2979 etiam
825 2914 1110 2997 stipendiariorum
1127 2919 1311 2978 nostrornm
1328 2932 1402 2976 cum
1434 2909 1539 2974 eodem
1605 2907 1606 2946 ³

423 3015 605 3101 Capitaneo
622 3019 664 3084 ad
679 3026 790 3104 partes
806 3022 972 3105 predictas
987 3021 1135 3105 Vngarie
1152 3020 1301 3086 similiter
1316 3020 1486 3098 iturorum,
1504 3015 1539 3080 de

348 3151 351 3157 ·
423 3131 521 3209 portu
538 3125 765 3193 Mansredonie
781 3127 881 3194 libere
897 3135 930 3193 et
946 3132 1015 3194 sine
1031 3129 1215 3195 conditione
1240 3127 1353 3209 aliqua
1379 3127 1541 3210 permitta-
1605 3141 1607 3204 j

423 3237 465 3300 tis
482 3243 542 3302 etc.
566 3236 690 3303 Datum
707 3240 795 3322 apud
810 3240 936 3305 Lacum
961 3239 1125 3305 Pensilem
1149 3239 1201 3304 die
1226 3237 1303 3305 VII.
1329 3233 1473 3321 Augusti
1505 3229 1540 3299 V·

423 3344 617 3411 indictionis.

531 3492 567 3553 (Α
582 3493 656 3560 ›Reg
669 3494 819 3564 Angioinis
832 3494 863 3544 B.
878 3499 920 3545 26.
931 3509 968 3547 sz.
985 3495 1067 3560 »aeg
1082 3493 1229 3544 Karoli1.‹
1244 3493 1334 3543 roten
1350 3493 1392 3540 76.
1407 3492 1443 3554 L;
1467 3505 1493 3540 u.
1507 3489 1540 3548 ο.)

908 3641 1064 3648 —-——-.-

961 3803 1013 3864 48.

425 3929 454 3991 Ι.
472 3927 591 4014 Ka'roty
606 3926 733 3992 sic-ilici
749 3927 931 4015 kirdlyouk
948 3927 1101 3992 rendetete
1118 3951 1156 3992 uz
1174 3927 1302 3992 emtitett
1318 3945 1407 4012 serap
1432 3922 1544 3990 atzat-

511 4036 651 4101 litdadra
667 4037 833 4124 ezitleee'ges
849 4037 948 4122 kajok
965 4037 1135 4101 hesaurze'ee
1152 4037 1345 4124 tdryyddcn.
1368 4037 1457 4099 1277.

534 4213 698 4298 Scriptum
727 4221 776 4279 est
798 4214 927 4299 Pascalj
954 4214 993 4279 de
1020 4213 1167 4280 Guarino
1201 4213 1419 4281 Prothontinc
1443 4209 1547 4274 Brun-

428 4319 512 4403 dusij
529 4329 588 4386 etc.

537 4431 710 4497 Fidelitati
726 4438 781 4497 tue
798 4432 856 4496 sub
873 4432 1006 4496 obtentu
1023 4431 1127 4513 gratie
1144 4435 1253 4495 nostre
1279 4429 1417 4494 firmiter
1439 4432 1467 4492 ct
1494 4443 1546 4488 ex-

431 4560 543 4626 presse
559 4541 763 4625 precipimus,
778 4545 935 4622 quatenus
952 4540 1062 4603 statim
1078 4537 1218 4621 receptis
1234 4539 1443 4620 presentibus,
1459 4533 1545 4599 omni
