3234 5238
411 347 451 408 la
759 363 994 410 orrnounozmr
1010 353 1179 410 nunanrr.

409 521 614 600 Landizlaus,
630 501 849 604 primogenito
866 521 1013 586 Illustris
1029 524 1131 604 Regis
1148 524 1303 604 Vngarie,
1324 530 1356 586 et
1379 543 1440 604 pro
1456 522 1539 586 dote

409 628 513 692 eidem
537 629 602 691 filie
629 635 737 693 nostre
763 629 903 694 ducenta
928 631 1032 694 millia
1059 651 1241 696 marcarum
1267 629 1396 710 argenti
1426 629 1539 693 eidem

409 737 615 802 conuenimns
631 736 791 801 exhibere.
808 736 950 820 Propter
966 737 1055 817 quod
1071 759 1092 801 a
1113 736 1263 802 fidelibus
1288 738 1410 802 nostris
1425 735 1541 817 Regni

410 843 522 910 Sicilie
539 846 630 908 iuxta
645 846 747 928 ipsius
764 844 870 926 Regni
897 846 1161 910 consuetudinem
1188 846 1397 926 antiquatam
1422 850 1457 907 et
1479 841 1541 906 ob-

410 957 534 1022 tentam
551 951 738 1031 longissimo
756 957 909 1034 tempore,
926 957 958 1016 et
983 951 1124 1017 feliciter
1139 953 1271 1035 Regum
1292 949 1404 1017 Sicilie
1420 951 1541 1035 prede·
1614 987 1616 990 ·

411 1081 573 1123 sessorum
590 1066 775 1123 nostrorum
791 1060 934 1140 antiquis
950 1061 1153 1143 temporibus
1170 1060 1378 1126 obseruatam
1395 1060 1540 1124 subuen-

412 1167 533 1230 tionem
550 1167 589 1230 de
606 1167 755 1249 predicta
787 1187 913 1231 summa
943 1169 1118 1232 earundem
1144 1166 1270 1232 dotium
1301 1166 1541 1250 premissarum

411 1274 531 1339 habere
548 1274 695 1338 volumus
712 1280 810 1356 prout
821 1275 1124 1358 excausapredicta
1140 1274 1326 1339 rationabili
1343 1279 1377 1338 et
1385 1273 1541 1356 probata.
1615 1261 1616 1264 ¹

412 1381 554 1464 Ideoque
570 1381 721 1447 fidelitati
737 1391 792 1448 tue
809 1383 1016 1465 precipiendo
1029 1383 1231 1463 mandamus,
1249 1387 1408 1463 quatenus
1425 1381 1542 1445 statim

411 1491 553 1572 receptis
570 1491 777 1573 presentibus
795 1488 932 1554 cuilibet
952 1489 1117 1554 unciarum
1142 1489 1254 1553 decem
1275 1487 1380 1553 millia
1406 1493 1541 1553 centum

413 1601 446 1660 et
463 1597 573 1661 decem
589 1589 814 1681 impositurum
831 1600 864 1662 in
880 1597 1109 1662 Justitiariatu
1124 1595 1226 1660 Terre
1249 1596 1391 1661 Laboris
1418 1601 1451 1659 et
1477 1595 1543 1661 Oo-

413 1707 547 1769 mitatus
579 1706 704 1789 Molisij
730 1729 789 1789 pro
815 1710 961 1790 generali
994 1707 1206 1774 snbuentione
1236 1703 1354 1785 mensis
1386 1700 1543 1768 Octobris

413 1813 562 1894 proximo
579 1816 729 1895 preteriti
745 1815 931 1881 indictionis
947 1817 1114 1901 presentis,
1131 1819 1263 1878 tarenos
1279 1816 1404 1894 septem
1420 1816 1454 1873 et
1469 1830 1538 1873 me·
1614 1885 1616 1890 ,

414 1918 503 1982 dium
519 1920 648 2001 addere,
665 1928 698 1986 et
714 1925 812 1988 terris
838 1931 871 1988 et
896 1925 975 1990 locis
1000 1925 1024 1990 J
1028 1923 1250 1988 ostitiariatus
1274 1920 1324 1982 tui
1347 1921 1396 1983 ita
1422 1921 1541 1982 taxare

414 2026 534 2092 debeas
550 2029 754 2094 festinanter.
771 2028 843 2113 Que
859 2036 933 2095 tota
948 2030 1097 2113 predicta
1122 2029 1293 2110 quantitas
1308 2024 1444 2110 pecunie
1463 2023 1539 2088 sub·
1615 2045 1616 2094 1

416 2136 576 2200 uentionis
592 2137 751 2219 presentis
768 2159 838 2202 cum
859 2137 1028 2203 additione
1054 2135 1243 2220 supradicta
1267 2138 1318 2198 est
1348 2133 1382 2196 in
1413 2150 1544 2196 summa

415 2241 586 2306 duodecim
601 2243 739 2308 millium
756 2252 980 2310 sexcentorum
996 2252 1028 2309 et
1053 2245 1191 2326 triginta
1215 2246 1339 2323 septem
1364 2244 1399 2302 et
1430 2235 1542 2310 medii.
1614 2283 1616 2336 j

415 2344 521 2430 Quam
538 2350 717 2432 pecuniam,
734 2373 805 2415 cum
822 2353 957 2417 eandem
973 2352 1074 2416 filiam
1089 2357 1235 2417 nostram
1251 2347 1325 2412 Deo
1342 2345 1425 2409 duce
1448 2343 1540 2408 felici
1614 2395 1616 2402 ,

414 2453 543 2518 homine
559 2453 695 2542 (omine)
711 2479 784 2522 cum
800 2458 927 2523 decenti
943 2465 977 2524 et
1002 2458 1186 2549 honorabili
1212 2453 1367 2520 comitiua
1392 2454 1426 2516 in
1452 2451 1541 2533 Reg·
1612 2451 1616 2460 '

415 2581 492 2624 num
508 2560 655 2644 Vngarie
671 2564 713 2627 ad
729 2565 907 2647 predictum
924 2566 1026 2630 virum
1043 2587 1135 2631 suum
1160 2586 1316 2648 paramus
1341 2569 1376 2632 in
1400 2569 1542 2634 instanti
1614 2559 1616 2566 ’

416 2673 448 2731 et
463 2667 496 2731 in
513 2671 659 2752 proximo
675 2671 850 2751 destinare,
867 2693 940 2738 oum
956 2674 1043 2738 omni
1058 2673 1226 2740 celeritate
1248 2683 1282 2741 et
1307 2675 1415 2742 studio
1441 2674 1542 2741 recol·

418 2777 501 2859 ligas
517 2783 551 2841 ct
570 2778 613 2842 ad
643 2787 791 2844 nostram
821 2776 994 2844 Cameram
1026 2782 1095 2846 sine
1127 2801 1219 2847 mora
1249 2784 1475 2862 transmittas3
1505 2791 1542 2846 rt
1614 2773 1616 2854 J

418 2883 555 2948 eandem
570 2885 669 2950 filiam
694 2891 841 2952 nostram
866 2887 909 2952 ad
934 2886 1099 2970 predictas
1130 2894 1241 2970 partes
1272 2887 1419 2972 Vngan'e
1450 2891 1543 2954 inrda
1613 2883 1616 2894 ’

415 2991 618 3057 Excellentie
641 2993 764 3058 Nostre
781 3000 890 3058 votum
916 2996 1141 3061 transmittere
1167 2996 1342 3062 valeamus.
1365 2995 1539 3062 Nihilomi-
1614 2995 1616 3024 ³

416 3099 638 3164 nusvolumus
655 3101 902 3183 emendamus,
920 3107 1078 3184 quatenns
1101 3105 1318 3187 quantitatem
1348 3103 1540 3186 predictam,
1614 3157 1615 3166 2

414 3207 567 3272 videlicet
582 3209 751 3274 unciarum
767 3209 934 3275 duodecim
950 3210 1055 3275 millia
1075 3216 1299 3276 sexcentarum
1315 3210 1454 3293 triginta
1469 3232 1538 3294 sep·
1615 3215 1616 3220 ’

414 3318 479 3377 tem
496 3321 529 3379 et
545 3316 660 3397 medie,
676 3319 767 3381 iuxta
782 3317 955 3384 facultates
972 3318 1145 3384 cuiuslibet
1160 3339 1219 3400 per
1235 3318 1378 3400 singulos
1389 3317 1535 3382 homines
1614 3303 1616 3310 ’

330 3431 332 3436 ·
417 3426 578 3486 terrarum
594 3429 627 3486 et
643 3423 787 3488 locorum
806 3427 960 3508 ipsorum,
985 3427 1032 3490 sic
1063 3425 1149 3508 quod
1181 3425 1288 3490 nullus
1320 3447 1341 3489 a
1370 3425 1537 3490 taxatione

416 3533 577 3608 presentis
603 3528 826 3595 subreptionis
857 3531 1066 3613 aliquatenus
1098 3531 1268 3610 eximatur,
1292 3531 1537 3614 particulariter

417 3634 569 3702 distribui
585 3638 696 3718 facias,
713 3645 745 3704 et
763 3643 872 3706 taxari
898 3662 936 3705 ac
961 3641 1108 3723 recolligi
1132 3661 1192 3724 per
1218 3646 1387 3706 taxatores
1412 3645 1448 3703 et
1473 3639 1534 3703 col·

417 3741 554 3808 lectores
571 3747 612 3812 ab
629 3747 906 3816 Vniuersitatibns
922 3749 1015 3814 iuxta
1031 3748 1162 3813 solitum
1179 3747 1354 3829 eligendos.
1369 3745 1404 3811 A
1419 3745 1537 3828 quibus

414 3853 619 3922 taxatoribus
636 3857 805 3939 corporale
821 3857 958 3940 recipias
973 3857 1201 3940 juramentum,
1218 3855 1309 3938 quod
1324 3856 1359 3920 in
1368 3854 1535 3918 taxatione

414 3965 562 4048 predicta
578 3965 716 4030 neminis
732 3965 772 4030 de
788 3965 910 4045 fauore,
935 3983 1039 4047 prece,
1065 3965 1170 4046 pretio
1203 3965 1253 4029 vel
1284 3984 1395 4029 amore
1428 3963 1534 4046 gratia

415 4073 464 4136 vel
480 4074 605 4155 timore,
622 4071 781 4140 affinitate
797 4073 986 4155 eliquasse
1002 4077 1034 4137 et
1049 4072 1227 4154 parentela,
1243 4091 1302 4136 nec
1321 4069 1395 4135 odio
1411 4070 1536 4152 aliquos

414 4189 613 4266 agg1·auent;
640 4189 689 4246 set
705 4182 747 4246 ad
764 4182 868 4247 solum
883 4178 991 4245 Deum
1007 4187 1040 4245 et
1065 4201 1184 4262 equum
1203 4179 1320 4245 mentis
1343 4180 1449 4244 nostri
1466 4194 1558 4262 pro·
1614 4241 1616 4246 .

414 4291 556 4372 positum
571 4290 728 4355 babentes
744 4296 935 4372 respectum,
952 4291 998 4354 sic
1013 4309 1110 4371 super
1138 4291 1184 4353 eis
1208 4310 1268 4370 per
1299 4307 1354 4354 eos
1378 4283 1536 4369 equaliter

415 4397 617 4477 obseruatum
632 4404 668 4461 rt
683 4417 844 4481 pauperes
868 4399 960 4462 iuxta
985 4397 1117 4462 solitum
1144 4396 1329 4460 nullatenus
1355 4395 1534 4478 oppriman-

416 4510 478 4568 tur.
494 4501 715 4570 Nihilominus
732 4507 771 4570 de
796 4505 987 4586 particolam'
1013 4504 1236 4571 snbuentionis
1262 4503 1431 4584 taxatione
1458 4502 1535 4565 eins-
