3222 5240
422 357 486 420 276
773 373 1009 420 nmaouncztnrss
1026 359 1192 420 anabusn.

421 535 511 598 tione
526 532 625 615 potiri
641 532 844 614 temporibus
860 533 1034 616 perpetuis
1050 534 1149 617 longa
1165 530 1350 597 iamdudum
1368 535 1402 595 et
1416 534 1534 592 matura

421 639 653 704 deliberatione
685 640 868 723 prehabita,
899 640 1119 706 huuanimiter
1152 647 1183 705 et
1208 638 1422 718 concorditer,
1451 641 1537 700 etex

403 771 406 778 ¹
422 769 534 812 eorum
550 749 656 813 libera
672 754 704 812 et
721 755 900 830 spontanea
916 748 1083 814 voluntate
1100 754 1200 830 atque
1216 769 1359 829 assensu,
1385 746 1538 828 cupientes

422 876 533 919 eorum
550 855 648 919 saluti
664 862 697 918 et
713 853 893 936 tranquillo
911 855 1011 920 statui
1029 854 1170 920 feliciter
1185 855 1367 938 prouidere,
1384 851 1540 918 transmis-

422 967 536 1026 serunt
551 959 714 1026 Venecias
739 961 865 1026 nobiles
891 967 924 1025 et
949 959 1107 1028 discretos
1134 963 1220 1027 viros
1247 962 1395 1028 dominos
1416 959 1540 1024 Petrum

423 1068 560 1134 condam
577 1069 760 1152 Michaelis
776 1068 939 1134 Jacobum
956 1069 1060 1150 Petri,
1077 1068 1306 1153 Slavogostum
1320 1070 1345 1136 J
1347 1068 1491 1147 ohannis,
1512 1074 1541 1129 et

423 1171 587 1242 Jacobum
604 1175 744 1259 Nicolai‚
770 1199 844 1243 suos
869 1177 1017 1243 concines
1043 1178 1075 1241 iu
1098 1177 1336 1256 ambaxatcres‚
1361 1175 1499 1240 sindicus
1513 1179 1542 1236 et

424 1290 653 1367 procuratores
679 1306 801 1365 eorum,
828 1284 1014 1366 specialiter
1039 1283 1082 1348 ad
1108 1283 1364 1350 submittendum
1389 1284 1423 1346 in
1443 1303 1542 1366 perpe

424 1398 515 1456 tuum
526 1398 630 1456 totam
642 1391 827 1475 Ciuitatem,
837 1391 1120 1471 Communitatem‚
1130 1388 1397 1472 Vniuersitatem,
1413 1390 1542 1455 Distrin-

425 1505 504 1582 tum‚
530 1497 740 1580 comitatum,
763 1500 910 1565 homines
935 1507 968 1565 et
993 1500 1080 1566 bona
1104 1497 1200 1566 Noue
1226 1499 1369 1582 predicte
1396 1497 1543 1577 fidelitati,

426 1606 576 1688 dominio,
602 1608 761 1691 regimini,
785 1609 979 1691 protectioni
1006 1615 1038 1673 et
1063 1607 1247 1673 diffensioui
1264 1606 1389 1670 domini
1404 1605 1501 1670 Ducis
1516 1611 1542 1665 et

427 1715 617 1781 Communis
627 1716 856 1799 Veneciarum‚
872 1717 955 1781 sicut
972 1715 1011 1780 de
1029 1738 1086 1781 suo
1102 1714 1263 1781 sindicatu
1280 1722 1408 1781 constat
1425 1711 1542 1797 publico

426 1824 642 1890 instrumento
657 1823 745 1889 facto
763 1831 796 1890 ct
822 1825 942 1908 scripto
967 1847 1024 1907 per
1049 1845 1179 1888 manum
1199 1823 1330 1907 Quirini
1352 1820 1542 1887 Subdiaconi

427 1931 575 1997 Ecclesia
607 1929 719 1997 Sancti
751 1931 904 1997 Anselmi
943 1939 976 1996 et
1007 1931 1123 1996 durati
1156 1929 1288 1995 Notarii
1320 1929 1484 1994 Nouensis
1513 1929 1542 1990 in
1602 1965 1603 1972 κ

427 2036 713 2106 MCCCXXVII.
729 2040 848 2104 mensis
859 2038 1054 2105 Nouembris
1071 2037 1124 2104 die
1139 2036 1282 2105 XVIII.
1298 2036 1473 2101 indictione
1489 2033 1545 2098 XI.

429 2147 519 2212 cuius
542 2152 637 2211 tenor
662 2167 721 2228 per
746 2148 856 2212 omnia
880 2141 1015 2212 inferius
1042 2153 1090 2213 est
1110 2147 1258 2228 insertus,
1284 2145 1502 2227 supplicantes
1517 2149 1544 2205 et

428 2261 576 2337 petentes
602 2255 766 2318 instanter
788 2274 847 2336 per
864 2253 966 2320 dictos
983 2276 1093 2319 eorum
1110 2253 1251 2318 sindicus
1268 2259 1301 2317 et
1315 2259 1544 2335 procuratores,

362 2347 367 2356 ¹
429 2364 538 2426 omnia
554 2362 712 2444 premissa
730 2363 872 2445 gratiose
888 2365 1068 2446 peripsum
1084 2362 1249 2428 dominum
1266 2360 1395 2426 Ducem
1411 2365 1445 2426 et
1460 2358 1544 2423 Com·

429 2490 524 2533 mune
535 2469 753 2536 Veneciarum
769 2468 838 2534 fieri
855 2477 888 2534 et
898 2470 1078 2553 adimpleri,
1094 2477 1126 2536 et
1138 2492 1192 2536 eos
1203 2473 1236 2534 in
1246 2488 1383 2534 numero
1394 2465 1545 2532 ducellum

428 2575 572 2641 fidelium
597 2579 777 2662 aggregari.
819 2575 1027 2661 Quapropter
1054 2577 1167 2644 andita
1182 2584 1215 2643 eb
1230 2577 1400 2642 intellecta
1415 2597 1471 2659 per
1487 2593 1544 2637 me·
1602 2559 1603 2562 ¹

430 2690 593 2750 moratum
618 2685 783 2751 dominum
798 2685 923 2750 Ducem
949 2694 1020 2750 cunr
1047 2687 1112 2752 suis
1130 2685 1281 2751 Consiliis
1307 2683 1398 2749 fideli
1423 2690 1454 2749 et
1471 2700 1546 2765 pura

432 2791 672 2875 supplicacione
699 2799 731 2857 et
756 2793 923 2858 oblacione
939 2793 1160 2876 predictorum
1177 2791 1377 2859 sindicornm
1393 2797 1427 2857 et
1441 2810 1546 2873 proc-u-

431 2906 576 2966 ratorum
593 2922 652 2983 per
668 2922 722 2965 eos
739 2902 887 2983 exposita
903 2907 936 2966 ot
952 2907 1094 2981 narrata,
1121 2906 1259 2982 quaest,
1276 2900 1407 2965 seualle
1424 2897 1545 2964 submit-

432 3013 502 3072 tere
519 3008 621 3072 libcre
637 3013 670 3072 et
688 3030 725 3073 ex
743 3006 926 3092 concordia,
941 3009 1031 3092 prius
1046 3008 1167 3073 multos
1178 3013 1349 3087 tractatus,
1365 3005 1545 3072 collaciones
1601 2999 1602 3010 ’

431 3122 463 3179 et
479 3113 734 3182 deliberaciones
760 3116 890 3181 habitas
910 3115 1151 3199 quamplurium
1166 3117 1348 3197 sapientum
1365 3114 1407 3180 ad
1423 3115 1481 3179 hoc
1495 3110 1543 3174 de·

428 3228 626 3304 putatorum,
652 3244 690 3287 ac
715 3243 775 3306 pro
800 3223 924 3288 salubri
950 3229 1037 3288 statu
1055 3245 1165 3288 eorum
1184 3229 1216 3286 et
1231 3219 1386 3288 Ciuitatis
1402 3221 1543 3306 predicte,
1600 3263 1602 3274 ι

428 3327 570 3392 ‹lerninio
588 3328 666 3393 dicti
682 3329 806 3395 doniini
824 3331 927 3396 Ducis
943 3337 976 3396 et
993 3327 1180 3396 Communis
1197 3331 1425 3412 Veneciarum,
1456 3337 1542 3411 atque
1601 3405 1602 3410 ἵ

429 3435 574 3501 conferre
585 3445 614 3502 et
632 3438 778 3504 subicere
794 3445 898 3503 totam
909 3436 1093 3518 Ciuitatcm,
1110 3438 1398 3521 Communitatem‚
1414 3436 1543 3505 Comitu-

430 3550 511 3625 tum‚
526 3542 795 3628 Vniuersitatem,
811 3548 956 3613 homines
974 3552 1006 3611 et
1023 3545 1109 3612 bona
1126 3567 1236 3612 eorum
1251 3546 1314 3629 ipsi
1331 3545 1460 3611 domino
1470 3542 1546 3611 Duci

431 3657 465 3717 et
481 3649 653 3717 Communi
669 3653 894 3736 Veneciarum,
920 3676 958 3720 ac
976 3676 1030 3719 sue
1047 3652 1244 3736 deffensioni‚
1269 3654 1422 3738 regimini
1438 3661 1467 3718 et
1482 3669 1545 3735 pro

432 3760 574 3836 lectioni,
599 3761 746 3826 saluis
770 3762 950 3828 iuribus
974 3760 1546 3846 dominiRegisHungarie,

433 3886 513 3949 qne
546 3867 738 3933 haberet
769 3869 839 3934 vel
872 3867 1059 3936 deberet
1093 3868 1259 3934 habere
1283 3870 1325 3933 in
1350 3866 1544 3934 Ciuitate

430 3973 661 4057 predicta,
696 3977 779 4040 sicut
803 3976 865 4042 hcc
889 4000 927 4041 ex
945 3979 1143 4043 auctoritate
1158 3975 1221 4042 sibi
1237 3976 1361 4042 tradita
1378 3976 1422 4043 ab
1439 3975 1499 4041 illis
1512 3972 1544 4036 de

429 4079 519 4147 dicta
544 4089 634 4149 terra
650 4083 745 4149 None
762 4089 795 4149 et
811 4092 965 4151 contenta
982 4087 1015 4150 in
1032 4107 1090 4150 suo
1107 4085 1203 4168 pleno
1220 4083 1382 4151 sindicatu
1399 4081 1541 4168 predicto,

426 4188 536 4255 facere
554 4197 700 4275 possunt.
726 4191 819 4258 Idem
835 4193 983 4260 domiuus
998 4194 1076 4258 Dux
1091 4198 1125 4258 et
1143 4189 1318 4259 Commune
1329 4189 1541 4264 Veneciarum,

427 4298 571 4364 volentes
588 4321 668 4382 erga
684 4299 867 4383 predictum
884 4300 1068 4382 Commune,
1084 4301 1232 4366 homines
1250 4306 1282 4365 et
1293 4299 1540 4369 Vniuersitaten

426 4410 514 4470 terre
524 4406 620 4472 Noua
632 4429 725 4473 suam
735 4410 971 4492 benignitatem
985 4416 1018 4498 et
1028 4410 1171 4490 gratiam
1181 4407 1416 4486 demonstrare,
1434 4400 1541 4473 Christi

428 4512 557 4579 nornine
590 4517 748 4602 invocato,
780 4517 823 4584 ad
854 4517 985 4586 laudem
1018 4526 1048 4582 et
1080 4519 1300 4584 reuerentiam
1328 4515 1429 4582 Beati
1451 4507 1541 4582 Marci
