3222 5240
361 327 424 394 308
710 349 943 398 nrrnonnoarnr
970 337 1138 400 susanna.

355 511 475 575 mensis
491 512 582 576 unius
599 511 754 591 alterius;
780 511 808 577 si
835 532 910 577 vero
937 533 1002 577 non
1028 515 1198 579 semies-int
1226 533 1335 578 mense
1361 531 1424 576 vno
1440 513 1487 576 in-

355 625 459 702 tegro,
476 618 613 682 soluetis
630 620 676 683 eis
693 620 791 702 gagia
807 627 839 684 et
857 629 1014 685 consucta
1030 621 1098 686 alia
1123 641 1184 704 pro
1200 620 1267 686 illis
1283 619 1399 684 diebus
1415 627 1486 684 ten·

353 735 434 812 tum,
450 724 565 808 quibus
582 727 755 791 seruierint
771 749 876 812 usquc
903 728 946 792 ad
963 727 1049 792 diem
1064 749 1210 794 recessus
1228 729 1390 794 dictarum
1406 729 1485 793 elia

355 855 426 900 rum
443 833 623 917 galearum,
639 836 759 918 quibus
776 837 923 919 preherit
939 835 1180 902 Vioearnirstus
1197 835 1352 920 prefatus.
1369 834 1485 902 Solus·

355 942 399 1005 tis
415 949 566 1024 preterea
583 942 671 1006 dicto
697 940 925 1008 Viceamirato
950 965 1010 1026 pro
1027 943 1105 1009 fauo
1130 943 1263 1010 ferendo
1279 945 1312 1009 in
1328 945 1434 1028 galea,
1451 949 1484 1008 in

357 1071 422 1132 qna
438 1050 508 1132 ipse
526 1048 707 1131 nauigabo,
718 1057 851 1114 tarenos
867 1049 1071 1134 quindecim3
1097 1053 1185 1135 quod
1202 1052 1228 1116 si
1244 1051 1340 1116 ambo
1356 1052 1397 1117 de
1412 1073 1486 1135 pre·

358 1157 446 1222 dicta
463 1157 572 1222 omnia
598 1165 631 1222 et
656 1157 785 1240 singule
811 1159 936 1244 vicaria
960 1157 1099 1225 forsitan
1126 1181 1191 1224 non
1215 1161 1364 1244 possetis,
1379 1159 1485 1225 altero

354 1271 495 1330 vestrum
511 1264 553 1330 ad
570 1263 645 1348 alia,
671 1271 702 1330 et
729 1265 856 1347 reliquo
873 1265 916 1330 ad
936 1265 1073 1349 reliqua,
1104 1275 1202 1350 prout
1233 1266 1343 1334 habile
1375 1265 1485 1367 fuerit,

356 1373 528 1438 vacaturis.
545 1367 581 1438 Si
598 1379 707 1437 autem
732 1373 766 1436 in
797 1372 954 1456 predictis
972 1371 1096 1456 Apulie
1111 1374 1262 1456 pertibus
1279 1395 1344 1440 non
1360 1375 1485 1439 inueni-

355 1487 491 1546 renitet
507 1500 594 1558 vasa,
613 1501 675 1562 que
692 1477 777 1544 ferre
794 1479 943 1545 valerent
967 1501 1079 1546 omnes
1104 1479 1269 1564 predictos
1293 1501 1394 1563 equos
1416 1503 1484 1546 sex·

356 1595 486 1668 centos3
501 1587 676 1670 requiratis
693 1606 765 1652 cum
782 1586 909 1672 prefato
934 1587 1157 1655 Viceamirato
1191 1588 1272 1653 dicti
1288 1588 1397 1673 Regni
1413 1588 1486 1655 Ma·

358 1697 495 1780 gistrum
512 1694 730 1760 Portolanum
741 1693 878 1778 Aprutij
896 1695 936 1762 de
962 1697 1165 1762 arrestendis
1181 1703 1214 1762 et
1230 1695 1437 1762 nauliaandis
1453 1698 1487 1763 in

358 1803 479 1870 eisdem
496 1801 629 1887 Aprutij
649 1805 797 1887 pertibus
814 1803 909 1885 vasis,
938 1825 1001 1886 que
1029 1803 1193 1869 sufficiant
1218 1805 1260 1870 ad
1287 1807 1487 1870 euectionem

356 1914 503 1996 ipsorum
536 1920 760 1978 sexcentorum
787 1934 953 1996 equorum.
988 1911 1086 1996 Quod
1102 1913 1128 1978 si
1145 1912 1231 1978 iorte
1246 1913 1353 1978 dictus
1369 1913 1489 1980 Vicoa-

357 2021 494 2086 miratus
510 2029 585 2086 anie
602 2020 832 2104 premissorum
848 2041 906 2086 seu
932 2021 1118 2104 aliquorum
1144 2041 1182 2085 ex
1207 2021 1252 2085 eis
1266 2022 1489 2087 executionem

357 2129 469 2211 aliqua
485 2130 656 2195 occasione
683 2129 774 2194 abire
791 2129 973 2212 contigerit,
989 2136 1128 2195 autnon
1144 2135 1254 2212 posset
1269 2127 1311 2194 ad
1326 2131 1488 2213 premisse

357 2261 491 2320 vacare3
507 2259 561 2303 vos
579 2257 635 2303 seu
652 2245 792 2303 restrum
824 2239 908 2304 alter
940 2237 1028 2303 dioto
1059 2239 1154 2304 modo
1174 2238 1334 2321 premissa
1349 2258 1488 2320 exequa-

356 2349 434 2414 mini
452 2369 509 2412 seu
535 2352 715 2428 exequatur
741 2367 814 2411 cum
841 2346 929 2412 dicto
954 2346 1087 2412 Marino
1103 2345 1217 2427 Cossa,
1233 2346 1291 2428 qui
1307 2366 1380 2410 cum
1397 2345 1485 2409 dicto

357 2454 579 2520 Viceamirato
596 2454 639 2517 sd
655 2460 767 2536 partes
783 2454 871 2538 ipsas
888 2475 922 2519 se
947 2453 1074 2519 confert
1097 2452 1141 2518 ad
1171 2451 1389 2518 assistendum
1406 2452 1434 2517 ei
1451 2452 1486 2515 in

358 2561 432 2647 hijs,
449 2582 522 2645 que,
537 2568 571 2626 rt
587 2559 775 2647 predicitur,
792 2561 889 2627 habet
921 2562 1037 2644 exequi
1063 2559 1261 2644 inpartibus
1278 2559 1485 2647 memoratis3

356 2670 561 2736 ordinatione
593 2691 648 2734 seu
672 2671 827 2736 mandato
859 2671 972 2751 aliquo
990 2671 1065 2734 huic
1090 2668 1175 2735 forte
1190 2668 1357 2734 contrario
1373 2673 1484 2732 nostro

357 2778 407 2844 vel
424 2775 556 2843 Sanctio
572 2775 698 2860 Regine
724 2777 885 2842 consortis
911 2783 1021 2842 nostre
1052 2775 1225 2858 carissime,
1240 2781 1273 2839 et
1289 2775 1429 2838 maxime
1443 2772 1485 2838 de

355 2891 429 2949 tota
446 2883 584 2967 pecunia
599 2882 759 2949 dictorum
784 2881 966 2947 officiorum
993 2888 1177 2948 vestrorum
1203 2880 1246 2945 ad
1262 2887 1408 2946 nostram
1424 2879 1486 2944 Oa·

356 3013 480 3058 meram
496 2990 693 3058 destinanda
709 2990 891 3057 executioni
904 2991 1105 3074 presentium
1115 3011 1181 3054 non
1192 2989 1354 3054 obstante.
1365 2989 1486 3054 Datum

358 3099 500 3184 Neapolj
517 3100 550 3163 in
566 3098 708 3164 Camers
723 3107 836 3166 nostra
852 3097 953 3165 Anno
968 3099 1101 3164 Domini
1119 3097 1174 3162 Μῠ
1189 3095 1283 3162 ΟΟΟ.
1299 3093 1485 3160 ΧΧΧΠΙὑ

360 3207 412 3272 dic
430 3206 594 3274 XXVII⁰
610 3205 739 3290 Aprilis
752 3207 854 3291 prime
881 3207 1079 3286 indictionis,
1096 3203 1287 3288 Regnorum
1303 3211 1482 3269 nostrorum

361 3337 446 3382 anno
466 3313 627 3380 XXIIII.

465 3477 650 3542 (briegium
664 3479 816 3543 Angioini‹
837 3485 897 3530 288.
919 3495 958 3530 sa.
974 3481 1040 3544 Reg.
1061 3477 1180 3529 roberti
1193 3477 1225 3528 R.
1242 3481 1285 3528 56.
1299 3477 1358 3528 lev..
1371 3491 1401 3525 aa
1414 3471 1484 3524 alasa

358 3568 410 3618 kir.
423 3567 534 3618 Grande
548 3567 740 3618 Archivtobsn
754 3571 939 3634 Napolyben.)
