3174 5236
389 355 452 418 118
738 369 973 414 1111111111
991 355 1159 414 nunant.

388 547 559 612 Florentia
585 547 687 612 milite
705 553 737 612 ct
753 545 873 611 Judice
890 544 1000 610 Stasio
1014 546 1053 610 de
1071 545 1181 610 Trono
1199 543 1349 610 fidelibus
1364 563 1503 626 procura·

269 721 271 728 ,
388 653 514 722 toribus
530 663 563 719 et
579 654 707 738 nunoijs
724 653 921 737 constitutio,
938 659 970 718 ot
987 653 1046 720 sub
1062 653 1176 718 eadem
1193 653 1279 717 data.

375 849 380 868 ·
497 833 532 898 (A
548 834 791 900 »aeg.a11g10n1‹
806 835 839 885 A.
854 839 897 884 co.
909 807 1025 898 maog.
1046 825 1417 896 na1·0n11.soo.1so.1ev.;
1435 843 1460 880 u.
1472 827 1503 891 ο.)

875 1013 1036 1023 -ιν-ῂ,

918 1249 989 1310 140.

421 1413 556 1476 Marcell
576 1411 699 1493 Ko'rolp
725 1409 992 1495 cloppe-rorczripi
1012 1409 1163 1495 oppoibeo
1181 1411 1275 1494 atyjo
1292 1409 1345 1470 ΙΙ.
1363 1405 1479 1492 Ko'rolp

583 1515 711 1582 sicilici
727 1516 884 1601 isiroilpio‘l
900 1517 1026 1601 poozzei
1044 1515 1212 1600 capittetik.
1232 1515 1326 1578 1294.

497 1693 645 1759 Karolus
663 1689 830 1758 Secundus
854 1697 914 1757 etc.
962 1689 1094 1758 Secreto
1120 1691 1331 1774 Principatus
1361 1695 1395 1755 et
1418 1689 1507 1754 Terre

390 1799 539 1866 Laboris.

497 1905 593 1990 Quod
620 1907 768 1973 exhibeat
783 1907 910 1972 Karolo
936 1907 1153 1991 primogenito
1179 1928 1235 1972 suo
1261 1905 1346 1987 Regi
1372 1905 1506 1986 Vugaric

390 2015 499 2079 incias
525 2015 597 2078 auri
622 2013 732 2097 vigent
747 2035 803 2078 sex
828 2021 860 2077 et
884 2020 1015 2078 tarenos
1033 2012 1216 2096 quindecim
1231 2035 1291 2096 pro
1308 2013 1452 2096 expensis
1466 2011 1506 2076 di-

389 2142 558 2187 uersorum
583 2118 771 2184 nuntiorum
788 2143 928 2202 suorum,
954 2142 1033 2203 quos
1050 2139 1108 2203 pro
1126 2120 1191 2184 suis
1207 2120 1349 2205 negotijs
1365 2120 1453 2185 debet
1470 2117 1507 2183 ad

389 2229 536 2294 diuersas
562 2235 672 2312 partes
697 2231 827 2293 mittere
853 2237 947 2294 extra
972 2229 1132 2310 Regnum.
1171 2228 1298 2292 Datum
1313 2226 1420 2292 Melfic
1434 2223 1507 2294 VH.

391 2335 473 2418 Julij
493 2336 573 2404 VII.
589 2336 786 2402 indictionis.
835 2387 842 2394 .

500 2515 534 2575 (A
551 2517 634 2582 ›Reg.
649 2515 799 2582 Angioini«
815 2519 857 2567 56.
871 2534 909 2572 sz.
923 2521 990 2584 ch.
1005 2518 1103 2570 Karoli
1114 2519 1150 2568 11.
1165 2519 1222 2568 kot.
1237 2520 1297 2568 229.
1313 2517 1383 2582 lev.;
1402 2531 1428 2567 u.
1441 2518 1474 2580 ο.)

876 2697 946 2705 ...ἢ
974 2700 984 2704 ..
997 2699 1034 2706 ..-

922 2882 993 2943 141.

419 3040 466 3102 ΙΙ.
485 3040 610 3125 Ko'roly
627 3039 757 3103 sicilici
774 3040 957 3125 kirdiyooic
973 3065 1044 3104 ozon
1061 3043 1219 3127 tcirppboo
1236 3047 1306 3106 mos
1327 3041 1477 3104 rendeloe.

909 3151 1002 3211 1294.

497 3322 583 3388 Pro
608 3325 727 3406 Rege
746 3327 946 3409 Vngarie.

498 3427 662 3513 Scriptum
696 3437 745 3498 est
771 3430 945 3499 Oabillotis
971 3455 1027 3498 seu
1052 3432 1279 3518 Credenzerijs
1305 3434 1392 3500 Salis
1417 3433 1502 3500 Cuiic

389 3536 598 3620 Principatus
616 3537 719 3604 Terre
735 3541 876 3606 Laboris
893 3546 926 3606 et
942 3539 1079 3624 Aprutij
1096 3543 1248 3610 fidelibus
1266 3546 1333 3610 suis
1350 3551 1409 3609 etc.

495 3644 669 3710 Fidelitati
694 3653 803 3712 uestro
830 3647 966 3712 firmiter
984 3655 1016 3712 et
1033 3671 1184 3732 expresse
1199 3651 1405 3734 precipimus,
1434 3669 1502 3734 qua

389 3757 484 3816 tenus
501 3751 586 3816 omni
603 3774 737 3836 prorsus
769 3776 869 3836 mora,
887 3755 1042 3821 dilatione
1060 3763 1093 3822 ct
1109 3759 1278 3824 occasione
1294 3759 1435 3838 sublatis,
1457 3777 1502 3822 vu·

388 3861 455 3923 cias
482 3859 555 3924 auri
581 3862 752 3943 sexaginta
783 3862 935 3944 ponderis
967 3865 1128 3946 generalis
1154 3865 1194 3930 de
1220 3865 1358 3948 pecunia
1384 3862 1502 3931 Cabelle

386 3965 465 4029 dicti
482 3967 784 4051 saliS,qua1nanno
801 3971 905 4052 primo
923 3970 1032 4037 futuro
1044 3972 1144 4038 Curio
1161 3973 1314 4057 teneminj
1333 3974 1453 4041 soluere
1461 3969 1502 4034 illi

385 4073 435 4136 vel
462 4074 537 4154 illis,
562 4075 679 4158 quibus
695 4077 841 4143 Karolus
866 4079 1101 4162 primogenitus
1118 4087 1227 4147 noster
1242 4082 1306 4147 Dei
1323 4083 1427 4164 giatia
1441 4079 1500 4146 Rex

385 4177 541 4270 Vn'garie,
567 4183 724 4268 Princeps
751 4184 987 4270 Salernitanua
1020 4195 1053 4253 et
1078 4189 1225 4254 Honoris
1252 4189 1377 4256 Montis
1401 4180 1499 4254 Sancti

386 4285 509 4372 Angeli
525 4289 685 4356 Dominus
711 4314 769 4376 per
794 4314 852 4359 uos
878 4296 1047 4376 pecuniam
1065 4297 1148 4361 solui
1165 4297 1373 4363 mandauerit
1387 4317 1441 4380 pro
1456 4313 1498 4358 ex·

387 4395 494 4475 pensis
512 4397 715 4464 diuersorum
732 4400 922 4466 nunciorum
940 4425 1080 4487 suorum,
1114 4425 1195 4485 quos
1211 4426 1271 4487 pro
1288 4406 1358 4470 suis
1373 4399 1497 4486 negotijs

387 4500 484 4566 debet
501 4503 544 4568 ad
561 4504 705 4573 diuersas
722 4515 834 4593 pones
846 4511 975 4575 mittere
987 4517 1079 4577 extro
1092 4511 1241 4596 Regnum
1252 4507 1496 4598 absqucdcscctu
