3170 5234
363 423 427 486 234
711 440 944 486 nrucounozmr
962 430 1133 487 euasura.

363 605 469 664 totum
486 621 558 665 cum
575 601 672 667 certis
688 601 837 685 ysmaltis
854 600 896 666 ad
911 621 1003 666 arma
1014 601 1123 686 Regni
1139 601 1496 700 etVngarieponderis

362 707 521 774 librarum
546 707 661 791 uiginti
688 715 720 774 et
744 709 913 774 unciarum
938 731 994 775 sex
1018 732 1078 793 pro
1095 710 1195 776 unciis
1212 710 1351 794 triginta
1369 709 1497 774 duabus

362 821 393 880 et
410 815 535 881 tarenis
551 815 665 899 uiginti
682 821 833 899 quatuor.
858 815 1018 884 Saleriam
1034 839 1130 883 unam
1142 839 1295 902 magnam
1305 818 1346 883 de
1356 825 1497 901 argento

361 945 433 989 cum
460 924 554 1008 peria
581 931 614 990 et
639 923 791 1008 dyaspr0‚
818 945 890 990 oum
915 946 977 990 uno
996 925 1112 1008 'angelo
1130 946 1227 1009 super
1242 927 1348 1010 ipsam
1364 924 1496 1008 perlam

361 1031 473 1096 subtili
499 1053 596 1116 opere
620 1031 805 1098 laboratam
821 1032 1014 1098 deauratam
1030 1054 1089 1117 per
1103 1038 1208 1099 totum
1224 1033 1380 1118 ponderis
1395 1032 1498 1097 libra·

361 1162 433 1205 rum
450 1141 587 1206 duarum
604 1146 638 1206 et
653 1139 824 1206 unciarum
839 1161 895 1207 sex
911 1162 970 1225 pro
987 1140 1088 1206 unciis
1105 1146 1188 1207 octo.
1220 1140 1383 1207 Saleriam
1398 1161 1497 1206 unam

361 1269 512 1330 magnam
528 1270 601 1315 cum
617 1249 790 1333 coperculo
806 1248 847 1313 de
863 1255 1001 1332 argento
1017 1248 1139 1316 factam
1149 1250 1333 1316 admodum
1343 1249 1499 1314 nauicula

361 1357 557 1421 deauratam
582 1379 640 1440 per
666 1361 771 1422 toturn
787 1379 858 1422 oum
876 1358 973 1422 certis
990 1358 1118 1424 smaltis
1135 1359 1174 1424 ad
1193 1379 1287 1424 arma
1302 1357 1449 1440 Regalis
1465 1363 1499 1420 et

363 1462 510 1546 Vngarie
535 1465 687 1548 ponderis
714 1464 873 1529 librarum
889 1465 1028 1531 duarum
1047 1466 1211 1531 unciarum
1228 1487 1345 1531 nouem
1362 1471 1398 1530 et
1412 1470 1501 1530 tare-

362 1591 478 1635 norum
502 1571 686 1654 quindecim
701 1593 760 1654 pro
777 1571 877 1636 unciis
895 1579 1039 1655 quatuor
1055 1575 1180 1638 tarenis
1197 1579 1270 1640 octo
1287 1574 1402 1657 granis
1420 1577 1499 1638 octo

362 1683 394 1742 et
419 1677 562 1742 denariis
587 1683 739 1762 quatuor.
774 1676 936 1744 Salariam
962 1701 1059 1744 unam
1074 1701 1212 1764 paruam
1228 1681 1268 1747 de
1285 1685 1426 1762 argento
1445 1679 1499 1744 de·

362 1790 513 1850 auratam
528 1806 588 1867 per
603 1790 708 1850 totum
725 1807 797 1851 cum
813 1788 910 1852 certis
926 1787 1052 1853 smaltis
1068 1787 1111 1852 ad
1128 1794 1219 1853 certa
1235 1808 1328 1854 erma
1338 1786 1499 1871 ponderis

363 1891 531 1957 unciarum
547 1913 665 1957 nouem
681 1899 714 1958 et
730 1898 921 1960 tarenorum
940 1894 1125 1978 quindecim
1141 1916 1201 1979 pro
1218 1895 1313 1960 uncia
1329 1914 1393 1958 uua
1409 1899 1500 1958 tare-

363 2004 414 2067 nis
432 2022 487 2066 sex
504 2002 617 2083 granis
634 2007 708 2067 octo
725 2007 758 2066 et
775 2002 920 2068 denariis
936 2001 1072 2068 duobus.
1098 2002 1293 2069 Plactellum
1308 2024 1408 2067 unum
1425 2024 1501 2067 oum

363 2110 446 2194 pede
473 2110 513 2175 de
538 2116 676 2193 argento
702 2110 859 2176 deaurato
885 2133 943 2194 per
968 2117 1072 2176 totum
1089 2132 1161 2176 oum
1177 2112 1275 2176 certis
1292 2111 1419 2176 smaltis
1438 2132 1499 2196 pro

364 2225 480 2302 targea
505 2217 661 2301 ponderis
686 2217 843 2284 librarum
868 2218 1010 2302 quinque
1025 2225 1217 2284 tarenorum
1233 2225 1355 2302 septem
1372 2224 1406 2284 et
1423 2239 1499 2300 gra·

364 2348 481 2392 norum
497 2327 607 2392 decem
624 2347 683 2410 pro
700 2326 800 2394 unciis
816 2331 888 2392 octo
904 2328 1029 2392 tarenis
1044 2326 1191 2391 undecim
1202 2331 1235 2391 et
1246 2325 1392 2392 denariis
1403 2329 1499 2410 quin-

365 2455 435 2516 que.
475 2432 672 2499 Plactellum
697 2454 794 2498 unum
820 2455 974 2517 maguum
1000 2435 1039 2500 de
1065 2441 1291 2516 argentacum
1306 2434 1447 2500 manicis
1463 2436 1497 2498 in

362 2541 474 2622 aliqua
499 2548 593 2624 parte
620 2541 813 2608 deauratum
838 2563 898 2626 pro
923 2541 1100 2608 deferendo
1127 2563 1213 2625 pane
1238 2548 1272 2607 et
1287 2543 1419 2626 mappis
1436 2563 1498 2626 pro

363 2669 473 2714 mensa
498 2649 620 2716 domini
645 2673 717 2716 curn
743 2653 861 2716 smalto
889 2671 951 2715 uno
978 2651 1011 2716 in
1027 2649 1128 2716 fundo
1145 2650 1186 2716 ad
1203 2651 1387 2734 prescripta
1404 2671 1502 2715 arma

362 2757 515 2842 ponderis
531 2757 691 2824 librarum
708 2759 849 2824 sedecim
866 2765 898 2824 et
917 2759 1019 2824 unciis
1035 2764 1109 2824 octo
1126 2779 1185 2841 pro
1201 2758 1303 2823 unciis
1318 2758 1498 2840 uigintitri-

363 2865 424 2930 bus
440 2872 473 2931 et
488 2867 613 2932 tarenis
631 2867 750 2933 decem.
769 2867 930 2933 Cultellos
947 2867 1029 2934 duos
1044 2887 1182 2948 magnos
1199 2873 1232 2930 et
1247 2888 1345 2931 unum
1355 2887 1498 2950 paruum

363 2979 397 3038 et
422 2975 572 3041 broccam
598 2998 692 3042 unam
718 2998 790 3042 cum
818 2977 955 3043 manicis
979 2976 1019 3041 de
1045 2980 1181 3058 argento
1208 2975 1380 3044 amaitatos
1399 2976 1498 3040 simul

363 3083 538 3150 existentes
553 3085 587 3148 in
603 3107 666 3150 una
681 3085 798 3166 uagina
813 3104 875 3167 pro
892 3083 994 3148 unciis
1019 3083 1156 3148 duabus.
1191 3079 1388 3148 Cocleareos
1415 3083 1499 3147 duos

363 3198 397 3255 et
412 3213 508 3256 vnum
525 3190 692 3258 cultellum
709 3211 848 3274 paruum
865 3189 906 3263 de
921 3211 1003 3256 auro
1013 3190 1168 3274 ponderis
1180 3189 1346 3255 unciarum
1356 3191 1499 3255 duarum

362 3304 395 3363 et
419 3304 608 3364 tarenorum
633 3299 750 3384 uiginti
771 3299 907 3364 duorum
924 3303 957 3362 et
972 3298 1070 3363 medii
1086 3317 1148 3381 pro
1165 3297 1266 3362 unciis
1282 3297 1389 3362 tribus
1407 3305 1498 3362 tere-

361 3406 411 3471 nis
428 3405 543 3486 uiginti
560 3405 699 3499 quinque
717 3410 748 3469 et
764 3407 874 3487 granis
889 3404 1009 3473 decem.
1043 3403 1256 3472 Laetifricem
1272 3424 1368 3470 unam
1385 3405 1428 3468 de
1445 3427 1496 3470 ar-

362 3518 460 3596 gento
477 3534 537 3595 pro
554 3514 704 3579 assandis
726 3515 800 3598 equi
817 3514 921 3580 caseis
938 3513 1092 3596 ponderis
1109 3513 1269 3579 librarum
1284 3511 1383 3577 trium
1401 3515 1495 3578 uncie

361 3621 454 3686 unius
479 3626 669 3688 tarenorum
694 3623 841 3688 undecim
868 3627 901 3686 et
926 3643 1103 3704 granorum
1128 3622 1269 3704 quinque
1295 3641 1356 3703 pro
1387 3622 1492 3686 unciis

362 3735 503 3812 quatuor
528 3730 653 3797 tarenis
678 3730 790 3795 decem
816 3738 847 3796 et
873 3731 984 3813 granis
1010 3729 1159 3796 sedecim.
1183 3727 1326 3795 Ydriam
1342 3749 1440 3793 unam
1459 3729 1497 3793 de

362 3843 498 3920 argento
514 3837 667 3921 ponderis
683 3837 841 3904 librarum
859 3845 933 3905 octo
950 3837 1117 3904 unciarum
1132 3859 1249 3902 nouem
1266 3842 1297 3902 et
1313 3835 1420 3902 medie
1438 3857 1496 3920 pro

360 3947 460 4012 unciis
485 3947 632 4013 undecim
658 3948 783 4013 tarenis
809 3947 979 4014 duodecim
1004 3947 1116 4030 granis
1143 3946 1254 4011 decem
1271 3949 1304 4010 ct
1320 3950 1447 4028 septem
1464 3949 1496 4009 et

360 4055 475 4120 medio.
498 4055 523 4121 J
525 4061 630 4121 ustam
646 4077 743 4121 unam
759 4063 791 4120 et
806 4055 955 4121 bucalem
972 4076 1068 4121 unum
1085 4054 1125 4120 de
1141 4059 1277 4136 argento
1295 4073 1369 4118 cum
1380 4073 1494 4135 coper-

361 4160 442 4225 culis
467 4161 633 4226 deauratis
658 4183 718 4245 per
743 4168 848 4227 totum
873 4161 1026 4245 ponderis
1053 4162 1211 4227 librarum
1238 4165 1311 4226 octo
1338 4165 1372 4224 et
1389 4159 1494 4224 medie

360 4289 421 4351 pro
446 4271 546 4335 unciis
574 4270 743 4335 duodecim
761 4277 794 4334 et
809 4271 933 4335 tarenis
950 4270 1208 4354 quatuordecim.
1239 4268 1264 4334 J
1265 4275 1355 4333 ustas
1370 4273 1438 4332 tres
1455 4267 1493 4332 de

363 4374 403 4440 de
429 4383 566 4460 argento
593 4401 665 4445 cum
683 4379 862 4463 coperculis
880 4380 1027 4444 similiter
1042 4379 1195 4463 ponderis
1211 4378 1370 4444 librarum
1385 4375 1492 4442 trede-

361 4483 423 4548 cim
448 4488 614 4551 unciarum
640 4509 695 4552 sex
722 4495 754 4552 et
779 4493 966 4554 tarenorum
984 4487 1168 4572 quindecim
1185 4507 1244 4570 pro
1260 4485 1362 4550 unciis
1379 4484 1490 4549 decem

365 4597 396 4659 et
424 4599 547 4678 septem
572 4597 696 4661 tarenis
712 4595 872 4663 decernet
888 4605 962 4664 octo
979 4603 1010 4662 et
1027 4597 1139 4680 granis
1156 4594 1291 4660 duobus.
1337 4596 1368 4660 N
1371 4612 1489 4676 appum
