3170 5234
6 2517 15 2697 l

584 359 682 444 tarn.
1133 357 1194 446 naa

80 546 219 622 nuatione
236 557 385 623 seruiciis
402 557 540 623 seruicia
556 559 772 640 accumulare,
790 557 976 640 Vestreque
997 554 1196 626 Sanctitatis

78 664 227 730 mandatis
253 671 287 730 et
301 666 476 749 preceptis,
502 686 566 731 non
592 665 758 746 parcendo
786 665 938 749 periculis
964 671 997 730 et
1028 667 1188 750 expensis,

78 773 247 853 peremnia
263 775 396 857 cupiens
413 771 552 854 obedire,
569 773 779 838 considerans
806 772 924 839 Vestre
944 774 1188 840 Dominationis

79 884 179 944 contra
193 878 340 948 Venetos
357 880 565 963 sentenciam,
581 901 620 944 ac
646 903 757 946 eorum
772 881 843 945 uisa
868 883 1035 964 protervia
1052 889 1086 948 et
1102 862 1190 949 duri·

80 987 131 1069 cia,
161 989 201 1055 ob
227 987 382 1055 honorem
398 995 430 1054 et
455 986 596 1071 gloriam
619 985 740 1054 Sancte
756 987 880 1056 Matris
904 986 1062 1073 Ecclesie,
1078 989 1112 1054 in
1128 1011 1193 1055 me-

79 1093 156 1159 dium
183 1095 436 1162 Jadratinorum
467 1102 652 1163 nostrorum
684 1097 873 1163 devotorum
905 1104 938 1160 et
962 1095 1117 1179 fidelium,
1133 1099 1190 1181 qui

80 1200 187 1269 Vestro
211 1201 409 1270 Sanctitutis
426 1203 561 1286 speciali
594 1203 684 1270 ducti
715 1204 843 1286 fiducia,
868 1226 889 1270 a
912 1202 1114 1271 Venetorum
1128 1205 1195 1272 uio·

81 1308 156 1374 lento
172 1310 314 1377 dominio
331 1311 531 1390 recedentes
556 1312 598 1377 ad
623 1311 811 1378 libertatem
838 1311 984 1378 debitam
1008 1318 1187 1396 paruerunt

80 1417 243 1500 requisitus
259 1439 319 1503 per
330 1419 470 1500 eusdem,
480 1417 851 1506 meum'primogenitum
860 1417 990 1486 Banum
1000 1419 1194 1503 Mladinum,

79 1523 196 1592 Beuum
219 1529 430 1608 Bosnensem‚
456 1529 529 1593 misi
555 1551 628 1594 cum
653 1530 808 1613 potentia,
825 1528 868 1595 ad
901 1526 1139 1595 defendendum
1155 1536 1188 1596 et

79 1635 339 1702 manutenendum
354 1643 387 1702 et
402 1637 638 1720 protegendum
655 1637 818 1721 predictos
828 1635 854 1702 J
854 1636 1024 1703 adratinus
1035 1643 1196 1721 tanquam

82 1742 252 1809 obedientie
266 1744 353 1810 filios
370 1750 403 1809 et
420 1744 562 1826 devotos,
580 1751 695 1812 contra
711 1744 860 1814 Venetos
877 1746 1091 1829 supradictos.
1105 1743 1192 1812 Sane

83 1851 150 1932 quia
164 1851 241 1919 dicti
257 1850 380 1920 Veneti
396 1853 547 1919 continue
557 1859 672 1920 tenent
681 1853 793 1938 galeas
804 1860 948 1919 armatas
959 1859 1037 1919 ante
1046 1854 1072 1921 J
1073 1853 1197 1933 adram,

82 1957 110 2021 in
124 1959 234 2024 insulis
249 1959 394 2042 ipsorum
411 1959 630 2040 devastando,
647 1981 705 2025 uec
722 1959 930 2026 habemusad
940 1981 1075 2043 presens
1085 1959 1196 2044 galeas

84 2063 119 2128 ad
134 2065 323 2130 obviandum
340 2065 463 2133 eisdem
478 2066 650 2149 hostiliter,
667 2065 750 2132 sicut
774 2067 875 2146 decet,
892 2066 1067 2132 rebellibus
1084 2065 1197 2131 Eccle-

84 2173 133 2252 sie,
149 2171 325 2240 Sanctitati
340 2172 481 2241 Vestrae
497 2175 627 2258 placeat
643 2175 683 2240 de
700 2175 901 2257 benignitate
917 2181 1074 2262 consucta¹
1087 2174 1200 2239 taliter

83 2300 170 2364 super
185 2282 245 2348 hoc
261 2281 440 2366 prouidere,
458 2281 544 2364 quod
560 2282 640 2348 dicti
656 2281 825 2348 Jadratini
850 2282 962 2348 fideles
979 2281 1078 2348 uestri
1095 2286 1128 2348 et
1143 2281 1200 2348 de·

83 2390 150 2471 uoti,
164 2411 226 2456 non
242 2391 368 2474 possint
383 2411 443 2455 nec
459 2390 590 2456 valeant
614 2410 675 2473 per
699 2389 804 2455 dictos
830 2389 977 2460 Venetos
1001 2389 1051 2456 vel
1067 2412 1126 2476 per
1142 2387 1200 2456 ali·

85 2516 159 2578 quos
174 2499 296 2565 amicos
313 2503 346 2565 et
362 2497 507 2563 lautores
524 2520 645 2581 eornm,
662 2520 757 2581 prece
774 2505 806 2565 et
821 2499 930 2582 precio
947 2496 1200 2582 infectosmodo

83 2604 186 2686 aliquo
201 2607 354 2690 agrauari
370 2604 419 2671 uel
437 2605 624 2689 aliqualiter
639 2607 819 2686 molestari,
829 2627 901 2673 cum
912 2605 1014 2689 aliqui
1030 2605 1125 2672 obliti
1142 2623 1200 2671 sue

83 2711 189 2780 salutis
204 2715 335 2798 proprie
352 2722 385 2780 et
400 2713 548 2780 mandati
565 2713 692 2782 Vicarii
707 2714 733 2782 J
735 2735 791 2780 esu
802 2711 937 2797 Christi,
950 2721 1019 2780 tam
1034 2714 1122 2798 apud
1138 2715 1200 2780 Fe·

83 2823 198 2886 rariam
213 2843 295 2889 ausu
325 2821 501 2888 temerario
527 2843 561 2888 se
586 2826 807 2906 opposuerint,
823 2828 894 2888 toto
911 2843 1004 2906 posse
1020 2819 1201 2903 manifeste,

84 2947 175 3008 quam
190 2928 243 2995 hic
259 2949 424 3014 opponere
441 2935 557 3000 contra
573 2951 633 2994 nos
658 2929 848 3011 uideantur3
874 2928 930 2993 sed
956 2928 1043 3012 quod
1058 2928 1153 2994 liberi
1168 2934 1202 2994 et

84 3039 178 3102 securi
196 3037 314 3122 prefati
329 3034 355 3102 J
356 3037 499 3102 adratini
515 3035 639 3102 Vestre
657 3035 850 3102 Sanctitatis
874 3036 1039 3104 mediante
1056 3035 1202 3116 consilio,

84 3146 208 3228 auxilio,
239 3145 440 3230 protectione
472 3144 606 3228 speciali
638 3151 670 3210 et
700 3145 820 3225 favore,
852 3144 962 3226 sicque
978 3148 1202 3228 protegantur,

85 3253 167 3336 quod
182 3253 239 3318 alii
256 3251 373 3318 exinde
389 3253 557 3335 speculum
573 3261 605 3318 et
622 3254 803 3338 exemplum
834 3252 986 3333 habeant,
1002 3252 1123 3317 similia
1138 3253 1204 3317 siue
1263 3238 1268 3244 ’

7 3406 12 3467 3
85 3360 264 3428 efficaciora
279 3363 393 3444 aliqua
408 3362 551 3428 securius
567 3360 708 3427 faciendi
724 3384 762 3428 ao
774 3361 893 3432 Vestre
905 3359 1098 3428 Sanctitatis
1109 3361 1202 3428 bene·

7 3480 15 3553 t
83 3465 209 3550 placitis
225 3479 259 3535 et
273 3469 437 3537 mandatis
455 3489 513 3552 per
540 3471 649 3534 omnia
674 3491 747 3534 cum
768 3469 956 3536 obedientia
981 3469 1092 3536 debita
1118 3489 1202 3534 eom·

7 3554 16 3611 l
83 3576 237 3661 placendi,
254 3583 287 3644 et
304 3578 394 3662 quod
410 3575 532 3647 Veneti
548 3578 705 3644 antedicti
722 3578 762 3643 de
788 3598 847 3644 sua
872 3577 1035 3662 protervia
1051 3597 1116 3641 non
1127 3579 1203 3660 pos·

84 3684 147 3749 sint
163 3686 304 3770 amplius
320 3684 466 3768 gloriari,
494 3685 551 3750 sed
576 3707 689 3751 eorum
713 3707 799 3769 pena
814 3691 847 3750 et
863 3685 1025 3751 correctio
1040 3685 1084 3750 sit
1098 3687 1205 3750 metus

82 3791 260 3874 multorum,
285 3801 318 3857 et
343 3793 493 3875 deinaeps
518 3813 583 3858 non
608 3797 748 3857 attentet
772 3792 902 3875 aliquis,
944 3813 1003 3857 nee
1036 3796 1206 3876 presumat

82 3899 195 3965 similia
211 3905 327 3966 contra
342 3899 526 3976 Romanum
542 3898 736 3966 Pontificem
753 3904 786 3964 et
801 3899 1017 3964 universalem
1037 3896 1202 3964 dominum

81 4015 266 4092 perpetrare
293 4007 435 4074 Domino
466 4007 672 4073 concedente.
704 4005 793 4074 Date
827 4004 996 4073 Scardona
1021 3993 1207 4073 die'XIII.

81 4115 181 4182 lunii.

186 4262 221 4323 (A
249 4262 353 4327 ’Copia
367 4261 399 4312 de
413 4261 654 4313 commemorialis
680 4263 770 4314 czlmtl
793 4259 945 4314 veleueaei.
958 4257 1178 4343 allemlubuyben
1192 4255 1206 4308 1

80 4349 136 4402 net.
150 4356 212 4404 417.
226 4354 289 4416 lev,
303 4368 319 4404 a
332 4353 456 4410 beterico.
467 4353 555 4404 titkos
568 4353 760 4414 lerelttrban.)

553 4530 603 4542 ¹—-
622 4532 723 4542 ..ιμ’-αι

127 4677 190 4724 tres.
204 4676 283 4726 abaci
300 4675 368 4728 lrtsr.
385 4688 428 4710 ⁶·-
445 4682 513 4726 acun
528 4687 588 4724 nam
