3170 5234
554 362 648 429 1309.
1105 366 1167 429 189

2 540 3 626 j
50 565 101 627 pro
116 542 260 608 iaciendo
276 543 383 608 fustes
399 541 440 606 de
464 541 557 606 nesci
573 561 634 624 pro
651 547 764 606 nostro
790 539 977 605 Communi:
994 538 1166 604 scribimus

2 659 3 702 ἒ
49 658 77 716 et
92 651 280 717 mandamus
306 650 368 716 tibi
384 649 603 734 precipiendo,
622 654 783 730 qnatenus
795 646 899 714 eidem
910 646 1011 712 Petro
1027 647 1070 712 ad
1086 647 1164 712 faci·

50 760 158 824 endum
174 759 278 823 dictas
295 758 399 824 fustes
416 759 496 824 dere
513 757 633 822 debeas
650 777 751 839 omne,
768 758 854 838 qnod
881 756 943 820 sibi
969 761 1166 840 oportunum

2 945 3 952 ἵ
51 868 151 946 suerit,
167 867 339 932 consilinm
355 873 388 930 et
404 865 560 930 fauorem.
576 862 701 928 Datum
717 866 750 927 in
768 870 879 928 nostro
898 863 1018 927 Dncoli
1038 863 1168 946 palacio

2 969 3 1038 l
51 973 259 1044 Veneciarum
276 994 361 1039 enno
378 971 419 1038 ab
436 971 667 1036 Inoarnatione
683 970 820 1034 Domini
830 969 938 1034 nostri
947 969 973 1034 J
975 992 1031 1034 osu
1045 969 1170 1034 Christi

2 1115 3 1170 3
50 1080 212 1144 millesimo
245 1079 474 1144 trecentesimo
506 1098 600 1156 nono,
630 1077 806 1141 indictione
839 1078 988 1158 septima,
1010 1077 1062 1141 die
1094 1097 1169 1140 vero

1 1270 3 1289 y
52 1187 197 1270 vigesimo
214 1194 308 1252 sexto
326 1183 540 1270 Septembris.

2 1325 3 1376 l
148 1347 184 1412 (A
201 1349 331 1398 »Secreta
345 1348 389 1396 del
404 1347 538 1409 collegis«
551 1347 642 1400 czimu
657 1347 795 1397 velenczei
806 1345 1040 1408 aillamkiinyvben
1054 1345 1102 1395 1v.
1113 1347 1171 1395 hot.

2 1437 3 1464 r
55 1424 90 1470 56.
103 1436 148 1480 sz.,
163 1436 180 1469 a
195 1420 336 1469 velenczei
346 1434 418 1483 nagy
432 1419 626 1480 levoltorban.)

530 1561 687 1574 unn-—n——n

573 1797 646 1860 246.

53 1960 170 2048 Ko‘roly
186 1959 356 2026 calabrici
372 1957 512 2044 lrerczeq,
529 1959 645 2023 Robora
663 1955 794 2020 sicilici
814 1955 1063 2042 kirrilynakfia.
1074 1959 1170 2023 1309.

150 2119 301 2185 Karolus
317 2117 473 2196 Illustris,
498 2116 638 2181 Roberti
663 2115 848 2180 Jerusalem
874 2121 907 2178 et
937 2112 1045 2179 Sicilie
1071 2114 1173 2199 Regis

55 2227 292 2311 primogenitus³
307 2219 385 2288 Dux
407 2222 571 2306 Calabris,
597 2225 664 2288 cius
690 2223 724 2288 in
749 2223 863 2304 Regno
894 2218 1005 2287 Sicilie
1022 2220 1172 2289 Vicarius

1 2374 2 2420 r
54 2331 231 2400 Generalis.

151 2475 452 2540 (A»neg.Angi01ni«
468 2475 496 2524 F.
515 2479 623 2524 174.sz.
649 2471 827 2536 Reg.Karoli
847 2475 867 2523 I.
893 2475 1014 2524 Illustris
1040 2475 1105 2536 kot,
1139 2489 1171 2523 az

53 2547 118 2598 olssz
131 2549 183 2598 kir.
199 2547 314 2598 Grande
327 2547 517 2596 Archivioban
531 2544 720 2610 Ndpolyban.)

614 2724 691 2732 ..-α-

57 3099 195 3175 llil-ard,
211 3103 332 3167 Robore
348 3101 473 3165 sicilici
499 3100 679 3186 kirrilyrrolo
696 3099 892 3186 oleybizoltjo
913 3101 1176 3187 dloqyororszo'q·

525 3209 597 3273 bart.
617 3211 710 3272 1309.

1 2441 3 2510 l

1 2579 3 2674 l

1 2733 3 2818 l

576 2943 648 3005 247.

1 3108 3 3194 l

1 3204 3 3275 l

1 3447 2 3457 χ
156 3367 315 3452 (Securus
331 3368 509 3432 conductus
526 3389 587 3449 pro
611 3366 777 3448 Magistro
803 3365 965 3431 Riccardo
990 3367 1030 3432 do
1048 3365 1175 3432 Gemite

57 3473 194 3540 rediente
211 3473 417 3557 departibus
434 3472 597 3558 Vngario)
625 3475 680 3556 qui
706 3481 796 3538 certa
822 3473 903 3538 inibi
929 3477 1101 3540 commisse
1116 3475 1176 3541 sibi

59 3603 111 3663 por
127 3584 313 3665 genitorem
330 3588 477 3648 nostrum
494 3580 628 3666 (ertetik
644 3581 772 3647 Robert
788 3581 903 3652 sioilioi
921 3581 1045 3666 kirtly)
1063 3580 1178 3648 habuit

59 3694 268 3769 pertractare,
300 3689 341 3754 de
368 3689 521 3754 mandato
547 3695 659 3754 nostro
683 3711 795 3754 vorsus
820 3689 991 3754 Provinoio
1007 3694 1119 3771 portos
1136 3687 1178 3752 ad

1 3817 2 3872 3
59 3795 155 3876 ipsum
171 3803 304 3880 patrem
319 3803 467 3864 nostrum
482 3819 557 3863 ecco
583 3819 617 3862 sc
644 3795 777 3862 confort.
804 3795 948 3860 XXIII.
981 3794 1178 3860 Nouembris

1 3883 2 3910 ¹
61 3899 132 3967 vn.
147 3904 347 3970 indictionis.

157 4065 194 4130 (A
209 4065 296 4132 ›Reg.
309 4065 459 4132 Angioini«
475 4063 504 4117 F.
520 4069 578 4116 289.
591 4079 628 4116 sz.
642 4063 710 4131 Reg.
725 4063 824 4116 Karoli
836 4061 958 4115 illustris
972 4067 995 4114 3.
1011 4059 1092 4122 level,
1104 4078 1128 4112 n.
1143 4054 1180 4123 ο.)
