3174 5236
817 369 1054 414 nrrnonscnrnr
1070 357 1238 414 austrum

959 731 1011 790 94.

422 883 465 945 II.
484 885 610 970 Kitrolg
636 886 764 950 siciliui
789 888 973 973 kirrilynob
998 888 1177 974 nyiltlouelo
1204 889 1461 973 Mapyororszdg
1476 911 1537 950 ren-

866 997 980 1059 deilrez.
1010 996 1102 1059 1291.

529 1166 696 1251 Scriptum
721 1178 769 1236 est
785 1173 861 1236 viris
885 1172 1128 1237 venerabilibus
1145 1172 1298 1255 Egregijs
1324 1169 1486 1236 nobilibus
1509 1173 1537 1231 et

421 1271 570 1339 discretis
579 1276 722 1342 Prelatis
734 1279 965 1360 Ecclesiamm,
976 1275 1167 1356 comitibus,
1178 1278 1374 1368 Beronibus
1384 1277 1535 1341 militibus

421 1386 455 1445 et
480 1382 553 1466 alijs
579 1386 736 1450 vniuersis
763 1385 945 1452 hominibus
961 1386 1000 1450 de
1018 1385 1133 1468 Regno
1150 1384 1297 1468 Vngarie
1313 1391 1478 1468 presentes
1491 1383 1536 1447 lit-

424 1496 513 1554 teras
530 1492 727 1574 inspecturis
743 1492 871 1558 dilectis
889 1493 949 1558 sibi
967 1499 1026 1560 etc.

531 1596 645 1662 Habet
671 1599 731 1663 hoc
756 1601 923 1683 proprium
949 1601 1082 1665 humani
1105 1601 1220 1685 judicij
1237 1599 1407 1680 rectitudo,
1435 1603 1470 1661 rt
1484 1617 1536 1680 qne

424 1709 537 1768 contra
550 1704 633 1787 juris
650 1707 781 1789 regulas
798 1713 1020 1790 acceptantur,
1045 1708 1224 1773 abhorreat
1239 1714 1271 1772 et
1286 1707 1329 1772 ad
1345 1703 1536 1771 rlcrsceudas

427 1811 563 1893 injurias
580 1819 672 1878 extra
689 1816 821 1880 semitas
837 1817 975 1880 rationis
992 1815 1111 1898 illatae,
1136 1816 1237 1900 isqui
1254 1815 1427 1898 presertim
1442 1809 1536 1893 tangi-

424 1921 486 1994 tur,
502 1919 729 1999 potencialiter
745 1943 837 1986 arma
854 1930 1012 2004 capescat.
1033 1920 1120 1986 Sane
1136 1945 1200 1987 non
1216 1923 1285 1986 sine
1300 1920 1416 2004 granffi
1433 1919 1537 1983 amira·

423 2023 511 2087 tione
528 2045 630 2107 nuper
654 2029 846 2109 accepimus,
872 2028 959 2112 quod
976 2028 1058 2092 bone
1076 2032 1228 2094 memorie
1245 2028 1376 2094 domino
1391 2026 1536 2092 Ladislao

423 2129 514 2213 Rege
539 2132 616 2196 olim
631 2133 785 2216 Vngarie,
802 2138 924 2200 sororio
950 2143 1061 2201 nostro
1087 2138 1264 2220 carissimo,
1278 2135 1428 2200 humanis
1452 2131 1536 2198 rebus

423 2245 565 2322 excepto,
590 2240 722 2323 qnidam
738 2242 779 2305 de
796 2239 943 2326 Venetijs
960 2241 1164 2307 Andreatius
1180 2245 1319 2323 nomine,
1343 2242 1475 2324 lapsam
1488 2239 1537 2303 ha·

423 2342 523 2408 bonas
548 2349 678 2429 proprie
702 2348 873 2428 voluntati,
897 2347 1048 2430 Regnum
1076 2347 1232 2431 Vngarie,
1258 2349 1353 2433 cujus
1384 2343 1534 2413 successio

405 2471 482 2541 'per
498 2452 621 2516 obitum
638 2454 717 2519 dicti
735 2455 836 2537 Regis
852 2455 894 2519 ad
911 2456 1074 2538 Reginam
1095 2463 1278 2521 consortem
1294 2461 1437 2520 nostram
1452 2451 1537 2518 caris-

425 2557 549 2638 simam,
566 2561 668 2641 ipsius
684 2561 787 2646 Regis
804 2585 1003 2646 germanam,
1020 2570 1051 2628 et
1067 2564 1137 2647 ejus
1153 2564 1290 2628 heredes
1307 2567 1358 2627 est
1374 2558 1537 2626 rationabi-

423 2662 498 2728 liter
515 2665 675 2751 deuoluta,
691 2671 838 2752 nequiter
855 2672 1038 2753 occupauit,
1054 2679 1088 2736 et
1104 2692 1268 2736 assumens
1283 2669 1464 2753 improuide
1479 2665 1537 2730 dia-

424 2771 518 2836 dema
537 2773 644 2858 Regni
669 2777 818 2858 predicti,
843 2800 880 2842 ae
906 2778 1077 2842 intitulans
1093 2779 1238 2843 indebite
1252 2777 1405 2858 Regnum
1421 2797 1477 2840 suo
1492 2793 1536 2838 no·

423 2879 516 2956 mine,
529 2879 678 2963 Regnum
688 2885 793 2966 ipsum
806 2885 851 2947 sic
862 2884 986 2949 detinet
995 2890 1198 2967 occupatum.
1212 2881 1293 2949 Oum
1304 2885 1416 2967 itaque
1426 2883 1536 2949 sincere

425 2985 606 3052 dilectionis
625 2997 656 3054 et
673 2991 776 3055 solide
793 2990 960 3055 fidelitatis
976 2994 1203 3072 constantiam,
1229 3013 1311 3075 quas
1328 2991 1371 3055 ad
1389 2989 1537 3074 prelatum

423 3094 585 3176 quondam
602 3097 728 3178 Regem
754 3105 785 3161 et
810 3097 1058 3180 predecessores
1084 3099 1186 3182 ipsius
1211 3099 1330 3181 iugiter
1356 3095 1537 3174 abuistis,in

423 3201 603 3282 predictam
613 3201 774 3285 Reginam
786 3228 824 3269 ex
842 3205 982 3288 quadam
993 3205 1024 3269 vi
1041 3213 1154 3269 nature
1170 3229 1226 3271 vos
1243 3207 1358 3271 deceat
1374 3221 1537 3290 prorogare

424 3315 568 3390 actonis,
601 3333 656 3376 vos
681 3313 879 3394 requirimus
916 3295 949 3378 et
973 3333 1135 3396 regemne,
1161 3321 1322 3396 quatenus
1339 3315 1374 3378 in
1390 3318 1477 3378 recta
1489 3328 1538 3394 per

424 3435 481 3479 ros
514 3418 773 3484 consideratione
804 3421 952 3502 deducta,
978 3423 1119 3503 qualiter
1150 3423 1236 3487 dieto
1268 3421 1451 3488 Androstio
1480 3416 1538 3483 nul·

424 3520 491 3585 lum
517 3523 548 3587 in
565 3523 682 3607 Regno
699 3528 844 3610 predicto
862 3530 912 3592 ius
929 3530 1090 3610 competit,
1116 3531 1268 3612 nullaque
1285 3529 1465 3596 huiusmodi
1480 3527 1537 3592 eius

423 3649 595 3712 excessum,
611 3655 708 3715 quem
724 3634 855 3716 quidem
871 3634 1055 3701 nullatenus
1072 3637 1231 3703 credimus
1247 3639 1338 3704 vobis
1356 3647 1389 3702 et
1408 3638 1538 3702 vniuerso

422 3735 561 3818 placere,
587 3739 715 3804 iusticie
742 3763 856 3806 norma
882 3745 1108 3823 corroboratis,
1144 3745 1247 3810 eidem
1274 3767 1371 3828 super
1399 3741 1538 3828 predictis

421 3851 601 3926 opportune
618 3846 886 3912 contradictionis
903 3851 1107 3915 obstaculum
1124 3851 1305 3934 opponatis,
1332 3861 1365 3918 et
1392 3873 1467 3936 erga
1480 3867 1539 3934 pm

422 3950 544 4014 dictam
573 3961 754 4017 consortem
771 3961 915 4020 nostram
932 3955 1059 4021 feruore
1076 3957 1186 4022 debite
1203 3959 1388 4024 dilectionis
1405 3966 1437 4025 et
1452 3955 1538 4024 fideli·

422 4058 500 4120 tatis
526 4061 661 4140 accensi,
688 4061 757 4124 eius
775 4067 807 4124 et
823 4068 969 4126 nostrum
986 4065 1087 4146 ipsius
1104 4067 1233 4130 nomine
1250 4067 1359 4132 velitis
1376 4065 1537 4133 dominium

426 4165 557 4243 intrare,
573 4171 605 4228 vt
621 4167 757 4246 proinde
775 4168 875 4251 digna
892 4170 1025 4235 laudum
1041 4173 1196 4254 preconia
1208 4174 1454 4258 condignasque
1464 4168 1538 4254 apud

423 4290 481 4333 nos
507 4271 737 4337 retributiones
754 4277 845 4340 vobis
862 4283 1037 4359 propterea
1053 4280 1250 4359 vendicetis;
1274 4302 1340 4346 non
1358 4283 1540 4370 ignorantes,

423 4375 509 4457 quod
536 4378 598 4440 nisi
614 4381 760 4460 prefatus
777 4393 985 4466 presumptor
1003 4385 1157 4468 Regnum
1175 4387 1306 4452 deserat
1322 4388 1540 4472 supradictum,

425 4483 469 4545 sic
494 4486 718 4566 potentialiter
744 4489 777 4551 in
814 4511 885 4553 eum
926 4494 1135 4558 excitabimus
1172 4497 1258 4560 vires
1291 4504 1430 4576 nostras,
1468 4489 1539 4578 quod
