3174 5236
381 309 425 388 84
731 327 963 394 urecouuczmr
979 307 1144 393 curenno.
1193 315 1197 320 ’

375 504 447 569 niri.
466 501 589 568 Actum
616 509 646 567 et
675 503 787 569 delum
822 501 938 589 Aquis,
964 507 997 570 in
1023 505 1188 588 presentia
1213 503 1357 569 eiusdem
1384 501 1488 568 domini

376 611 478 697 Regis
495 613 555 678 viri
567 613 679 690 nostri,
697 635 735 676 ec
752 611 987 678 venerabilium
1005 613 1038 677 in
1055 611 1188 678 Christo
1204 619 1336 696 patrum
1352 609 1488 692 Rostigni

374 719 627 804 Arcbiepiscopi
655 717 829 802 Aquensis,
857 726 890 784 et
916 717 1085 786 Guillelmi
1119 721 1276 805 Episcopi
1312 719 1490 802 Dignensis3

375 850 515 894 necnon
531 828 691 892 nobilium
708 829 851 893 virorum
867 827 1046 894 Bertrendi
1063 830 1103 894 de
1119 828 1243 908 Benno,
1254 825 1391 894 Comitis
1407 825 1492 891 Auel·

377 936 446 1018 lini,
462 935 662 1020 Guancherij
680 936 720 1001 de
735 935 846 1012 Botte,
863 937 1015 1018 Hugcnis
1032 937 1072 1001 de
1088 936 1221 1018 Bautio,
1237 935 1263 1001 J
1265 935 1403 1000 ohannis
1415 932 1490 999 Secti

378 1043 484 1128 Regie
500 1043 699 1108 lllerescelle
716 1043 884 1128 Magistri,
910 1044 1038 1109 Malbei
1063 1044 1103 1109 de
1128 1041 1238 1110 Adria
1262 1043 1371 1126 Regni
1395 1040 1492 1106 Sicilie

377 1150 589 1235 Thesaururij
607 1160 640 1216 et
656 1151 808 1234 Magistri
840 1152 1036 1232 Rationalis,
1052 1150 1183 1218 Allanti
1201 1151 1240 1216 de
1257 1149 1392 1232 Solerije
1409 1147 1491 1213 Sene

377 1260 469 1326 scelli
493 1260 677 1339 Prouincie,
707 1260 857 1342 militum,
889 1267 922 1324 et
953 1261 1093 1325 eliorum
1124 1259 1330 1343 quorundam
1355 1255 1491 1341 plurium,

377 1388 463 1432 anno
505 1367 746 1433 Incernationis
775 1367 948 1432 millesimo
980 1366 1202 1431 ducentesimo
1233 1366 1440 1448 nonagesimo
1455 1382 1492 1424 se

377 1473 483 1540 cundo
500 1474 553 1539 die
569 1471 630 1543 VI.
646 1473 801 1557 Jenuerij
820 1473 861 1541 V.
879 1473 1077 1540 indictionis

486 1649 524 1721 (A
539 1655 623 1716 »Iteg
635 1655 783 1718 Angioini‹
798 1652 827 1703 O.
844 1657 882 1703 19.
903 1669 940 1704 sz.
954 1655 1021 1718 Reg.
1037 1654 1135 1703 Keroli
1158 1653 1193 1706 ΙΙ.
1208 1653 1294 1703 kbtet.
1310 1654 1371 1702 aul.
1384 1668 1390 1716 ;
1402 1665 1428 1701 u.
1440 1651 1473 1708 ο.)

915 2084 987 2146 101.

380 2246 432 2308 ΙΙ.
452 2245 577 2332 Kdroly
594 2244 724 2308 sicilici
741 2243 852 2329 kirtly
867 2242 1334 2330 fetezctltejamaqyororeeq
1359 2243 1495 2328 -reodjeil,

379 2355 460 2438 bopy
476 2351 610 2415 Marcell
628 2351 767 2437 Kdrolyl
784 2349 969 2434 eliseaerje'k
1001 2349 1237 2435 kirdlpulcualc,
1254 2374 1269 2412 e
1286 2351 1382 2415 bozac
1397 2349 1495 2433 burdg-

730 2457 780 2542 9el
796 2456 1028 2552 visellesseaelc
1043 2457 1140 2520 1292.

489 2635 573 2702 Pro
612 2633 787 2699 domino
820 2632 994 2698 Kerolo
1026 2632 1242 2717 Principe
1275 2633 1496 2700 Salerni-

381 2751 471 2810 tun
486 2765 513 2808 o.

489 2849 654 2934 Scriptum
681 2855 730 2913 est
745 2847 995 2929 venerabilibuS,
1022 2848 1175 2935 egregijs,
1201 2847 1366 2916 nobilibus
1382 2857 1415 2915 et
1430 2871 1495 2933 pru·

380 2960 530 3025 dentibus
547 2958 634 3038 viris,
650 2956 928 3040 Archiepiscopis,
944 2957 1118 3041 Episcopis
1134 2957 1275 3040 aliisque
1285 2957 1497 3023 Ecclesiamm

381 3066 533 3147 Prelatis,
558 3064 816 3146 Merchionibus,
842 3064 1033 3144 Comitibus,
1059 3065 1260 3146 Beronibus,
1292 3065 1498 3146 militibus,et

381 3174 538 3239 uniuersis
554 3194 593 3238 ec
609 3173 745 3255 singulis
761 3194 819 3256 per
843 3171 996 3257 Regnum
1013 3169 1161 3258 Vngerie
1177 3173 1364 3238 constitutis
1382 3171 1497 3238 dilectis

385 3281 451 3345 suis
468 3285 529 3346 etc.

485 3385 619 3452 Dudum
648 3387 867 3453 sinceritatem
897 3387 973 3453 fidei
1003 3385 1045 3454 ad
1075 3386 1283 3472 magnifieum
1323 3387 1490 3471 principem

380 3495 467 3560 clere
483 3495 640 3559 memorie
656 3494 822 3560 domiuum
838 3495 1023 3560 Letisleum
1049 3495 1126 3560 olim
1142 3494 1270 3578 Regem
1285 3491 1438 3578 Vngurie,
1453 3512 1496 3555 co·
1584 3547 1586 3578 ,

380 3609 517 3685 gnatum
533 3609 679 3667 nostrum
710 3603 923 3685 carissimum,
955 3624 994 3667 ac
1025 3603 1252 3687 progenitores
1272 3603 1376 3685 ipsius
1391 3600 1497 3685 iugiter
1584 3587 1586 3654 l

381 3732 441 3794 per
456 3731 513 3775 vos
529 3717 629 3793 geste,
648 3730 746 3792 quem
771 3707 900 3792 quidem
927 3711 1104 3775 communis
1121 3711 1214 3776 natio
1227 3710 1388 3794 predicet,
1411 3708 1497 3774 isme-

378 3839 441 3902 que
457 3816 616 3900 diuulget,
641 3817 839 3882 attendimus
870 3824 1043 3900 menteque
1074 3818 1279 3884 deuoluimus
1312 3811 1496 3902 perspicaci3
1585 3873 1586 3884 ,

379 3930 470 3990 tenet
485 3922 618 3989 indubie
635 3930 748 3989 nostra
763 3923 892 4003 fiducie,
909 3923 1015 3989 dictet
1031 3945 1112 4008 spes,
1137 3925 1306 4009 habetque
1323 3923 1498 4000 credulitas,
1584 3909 1586 3924 ⁴

379 4032 468 4114 quod
495 4052 574 4114 erge
598 4031 738 4113 predicti
772 4027 873 4114 Regis
906 4031 1041 4106 heredes
1068 4041 1100 4097 et
1125 4053 1331 4098 successores
1346 4031 1496 4116 legitimos

377 4138 480 4204 dictet
507 4137 598 4218 tideo,
629 4139 874 4223 prosequamini
907 4138 1062 4218 debitum,
1093 4145 1126 4204 et
1153 4140 1276 4206 amoris
1318 4135 1498 4207 continuetis

378 4243 536 4309 effectum.
555 4242 640 4309 Cum
655 4245 767 4328 itaque
784 4267 916 4310 consors
933 4253 1048 4311 nostre
1074 4247 1244 4313 carissimo
1270 4243 1390 4329 Maria,
1415 4246 1500 4313 Jeru·
1585 4277 1586 4280 ¹

387 4351 474 4414 alem
491 4357 524 4414 et
540 4349 653 4417 Sicilie
668 4352 810 4436 Regina,
827 4352 985 4435 adquam
1002 4376 1040 4418 ex
1066 4354 1160 4418 obitu
1175 4353 1296 4437 prefati
1313 4355 1423 4439 Regis,
1438 4371 1499 4437 ger·

378 4455 463 4517 meni
479 4459 538 4537 sui,
555 4458 654 4522 nullis
670 4478 710 4522 ex
726 4480 763 4523 eo
782 4459 1012 4541 superstitibus
1024 4459 1136 4526 liberis
1154 4462 1425 4539 descendentibus
1440 4483 1500 4527 suc·
1585 4485 1586 4488 ¹
