3174 5236
426 255 488 334 ils
773 275 1008 334 nuruouuczmr
1032 264 1200 334 66611666.

423 485 495 528 rum
520 463 695 544 hominum,
723 485 819 545 quam
845 463 1012 527 hominum
1039 471 1072 529 et
1088 461 1276 528 Communis
1292 461 1435 544 Almisii,
1460 459 1545 530 firme

423 577 456 636 et
471 577 544 636 rato
561 571 697 636 habebit
713 579 744 635 et
760 570 894 652 tenebit,
915 570 1113 652 obseruabit,
1126 627 1128 633 ,
1139 577 1173 635 61
1188 570 1380 654 adimplebit
1396 571 1546 650 omnIaet

423 677 553 760 singula
567 659 666 761 pacta
682 684 715 742 et
731 679 975 760 connectiones,
991 677 1088 758 iacto,
1106 678 1197 757 inita,
1223 684 1254 742 ot
1270 679 1401 743 firmata
1415 679 1457 742 do
1467 685 1545 742 trau·

423 807 497 870 gua,
523 792 556 852 et
572 808 668 870 super
685 794 822 868 treugua
839 783 972 850 Almisii
989 808 1047 870 per
1064 789 1170 869 ipsum
1186 783 1348 852 Comitem
1365 784 1548 870 Georgium,

425 899 460 960 vt
476 894 712 977 supradictum
731 899 790 975 est,
817 915 888 957 cum
904 893 1049 976 Egregio
1065 895 1135 959 viro
1151 895 1281 959 domino
1297 893 1445 976 Rogerio
1464 894 1548 960 Mau·

423 1021 542 1066 rooeoo
552 1001 576 1066 J
578 1001 711 1066 adransi
722 999 849 1066 Oomito
865 1002 1035 1083 recipienti
1054 1008 1086 1066 et
1103 1002 1277 1085 stipulanti
1291 1004 1360 1067 vice
1377 1007 1412 1066 et
1427 1003 1546 1067 nomina

424 1107 570 1174 Illustris
597 1105 718 1174 domini
744 1108 848 1173 Ducis
865 1108 1090 1188 Venetiarum,
1117 1106 1306 1174 Communis
1331 1114 1364 1172 61
1388 1106 1545 1174 hominum

424 1215 579 1282 Ciuitatis
595 1215 747 1299 ciusdem,
763 1237 821 1281 nec
837 1238 902 1283 oon
918 1223 952 1282 61
967 1217 1200 1299 habitatorum,
1215 1216 1369 1299 fidelium,
1395 1217 1546 1283 subiecto-

424 1345 496 1388 rum
515 1330 547 1388 et
572 1322 824 1388 districtualium
852 1345 984 1389 suorum
1000 1326 1139 1408 scriptas
1155 1331 1188 1391 et
1203 1327 1327 1408 scripte
1342 1346 1402 1408 per
1418 1346 1471 1390 me
1486 1323 1546 1390 Au-

424 1432 551 1496 tonium
567 1431 731 1514 quondam
747 1429 948 1496 Rolaoducii
965 1432 1006 1496 de
1022 1431 1183 1514 Bononia,
1198 1432 1367 1516 imperiali
1383 1439 1417 1498 61
1427 1432 1546 1498 Profec-

422 1540 510 1604 toria
535 1539 732 1604 auctoritate
756 1537 909 1604 Judicem
935 1547 967 1604 et
991 1541 1176 1622 Notarium,
1206 1562 1291 1605 anno
1317 1547 1350 1606 61
1375 1539 1545 1607 indictione

425 1646 589 1730 predictis
614 1647 666 1711 (116
693 1647 864 1732 dominico,
889 1649 1046 1731 vigesima
1072 1655 1189 1715 octaua
1204 1649 1330 1730 Martii,
1355 1653 1388 1714 et
1409 1648 1544 1714 eiusdem

349 1785 350 1790 ¹
425 1753 566 1837 syndicis
584 1761 615 1818 et
630 1753 897 1836 procuratoribus
914 1757 1043 1836 seriose,
1059 1756 1278 1839 singulariter,
1293 1761 1326 1820 61
1336 1755 1543 1839 intelligibili-

424 1867 476 1926 ter
492 1881 601 1926 coram
618 1860 837 1943 infrascriptis
854 1860 992 1925 testibus
1008 1883 1067 1945 per
1083 1884 1134 1926 me
1151 1863 1217 1928 iam
1234 1861 1359 1927 dictum
1370 1860 1543 1928 Antonium

425 1965 602 2032 Notarium
618 1967 711 2047 16616,
727 1974 760 2033 61
776 1967 895 2049 166166,
920 1975 952 2034 61
967 1990 1031 2034 666
1048 1977 1161 2036 contra
1177 1967 1544 2053 facietetveoietaliqua

423 2077 561 2156 ratione,
578 2076 708 2158 ingenio
726 2078 794 2140 siue
813 2097 920 2158 causa,
936 2075 976 2142 de
992 2078 1064 2143 iure
1080 2077 1131 2142 vel
1147 2075 1293 2158 (1616616,
1310 2078 1368 2143 sub
1379 2077 1473 2160 penis
1483 2095 1543 2161 pro·

425 2184 521 2249 dictis
537 2205 596 2267 per
612 2206 667 2250 eos
683 2192 716 2250 61
732 2185 912 2267 quemlibet
927 2207 1037 2250 eornm
1049 2186 1255 2270 syndioorum
1266 2187 1543 2269 superiuscxpres-

425 2293 478 2373 sis,
505 2293 662 2376 solempni
689 2293 900 2376 stipulatione
916 2295 1082 2376 premissa,
1107 2301 1141 2359 et
1157 2293 1394 2377 obligationem
1409 2295 1542 2358 omnium

424 2397 583 2464 honorum
592 2401 753 2466 dictorum
765 2422 896 2467 suorum
908 2399 1143 2485 Communium,
1159 2407 1192 2466 ot
1202 2390 1359 2466 cuiulihet
1368 2421 1480 2466 eorum
1489 2420 1541 2484 pro

425 2507 665 2587 quantitatibus
675 2507 883 2592 supradictis,
900 2507 1067 2573 mobilium
1078 2515 1112 2574 et
1122 2507 1541 2591 imnrobilium,prosentium

424 2619 456 2676 et
470 2612 662 2680 futurorum.
678 2615 766 2681 Acta
779 2625 812 2682 61
829 2616 961 2682 firmata
976 2615 1107 2681 fuerunt
1122 2615 1270 2700 prodicta
1286 2618 1320 2681 in
1336 2616 1447 2699 platea
1458 2614 1540 2680 Gom·

422 2725 528 2788 munis
544 2723 569 2789 J
570 2724 666 2805 adrc;
690 2724 895 2808 presontibus
921 2723 1083 2789 nobilibus
1104 2725 1180 2788 uiris
1197 2723 1338 2788 dominis
1354 2721 1477 2790 Barchi
1491 2722 1539 2789 So·

421 2830 534 2911 ladini,
558 2830 742 2916 Lompredo
767 2831 938 2914 Zonalelli,
963 2830 1100 2897 Andrea
1125 2830 1164 2896 (16
1181 2829 1303 2914 Cende,
1328 2825 1539 2897 Damianode
1569 2817 1572 2822 ¹

422 2935 533 3018 Nasci,
549 2945 582 3003 et
598 2939 710 3004 Blasio
726 2940 767 3004 (16
778 2939 872 3023 Sopo,
889 2938 1015 3003 ciuibus
1025 2938 1050 3004 J
1052 2938 1323 3021 adratinonsibus,
1338 2945 1372 3003 ct
1389 2938 1464 3004 aliis
1478 2937 1537 3022 plu·

422 3046 514 3111 ribus
529 3045 668 3112 testibus
688 3046 730 3110 ad
746 3047 809 3111 hoc
825 3048 948 3112 vocatis
965 3054 996 3111 ot
1013 3049 1147 3129 rogatis.

530 3154 603 3237 Ego
621 3152 788 3220 Antonius
808 3153 1183 3238 quondamRolanduoii
1200 3153 1240 3219 (16
1258 3153 1418 3238 Β666616,
1442 3151 1538 3237 Impe·
1580 3200 1582 3203 .

423 3259 498 3326 riali
523 3283 560 3326 ao
586 3262 791 3328 Proiectorio
807 3265 1006 3328 auctoritate
1022 3263 1047 3328 J
1050 3261 1133 3328 udor
1149 3270 1180 3329 et
1197 3261 1367 3345 Notarius
1393 3261 1538 3347 predictis

423 3367 571 3432 omnibus
596 3370 736 3450 interfui,
763 3380 796 3436 ot
820 3376 854 3438 vt
874 3392 974 3453 supra
989 3371 1111 3454 legitur
1127 3377 1272 3454 rogatus,
1288 3371 1416 3454 publica
1433 3369 1537 3452 scripsi

422 3482 455 3538 et
470 3474 655 3559 subscripsi.

531 3657 567 3718 (Α
593 3657 695 3708 »Liber
717 3657 882 3710 Paetorumae
908 3659 999 3710 ozimii
1021 3660 1161 3712 velenczei
1186 3659 1413 3724 uillamkdnyvbdl
1425 3655 1536 3710 1111111.

423 3746 465 3794 46.
480 3745 547 3809 lap.)
