3170 5234
610 333 704 398 1314.
1156 336 1219 400 199

106 515 164 578 tem
177 510 271 578 modo
302 512 474 595 consimili,
507 511 595 576 nullo
627 515 748 594 puncto
780 509 967 594 hujusmodi
983 511 1220 580 commissionis

104 619 304 704 discrepante,
336 642 395 704 pro
427 619 520 688 nobis
551 624 728 702 nostroque
745 619 876 684 nomine
902 640 940 684 ao
956 617 1023 684 rice
1049 619 1219 702 petendis

104 727 182 792 dicto
206 727 334 793 domino
355 726 450 794 Duce
467 735 501 792 et
515 727 586 810 ipso
604 724 774 793 Communi
791 726 1142 812 priuilegium,oartnm
1161 733 1220 794 out

102 836 341 901 instrumentum
369 834 555 919 juramenti,
581 829 769 900 firmitatem
787 839 821 900 et
835 833 1089 918 promissionem,
1114 855 1153 902 ac
1168 857 1218 901 re-

7 931 8 988 l
102 942 232 1026 cipiendi
247 943 288 1009 ab
305 942 428 1008 eisdem
444 943 516 1026 ipsa
541 941 693 1025 predicto
724 962 785 1026 pro
802 941 951 1008 omnibus
968 943 1167 1010 anominatis
1183 949 1218 1008 et

6 1093 7 1138 3
102 1047 169 1116 aliis
199 1049 241 1115 ad
272 1049 335 1116 hoc
366 1049 614 1133 expedientibus
630 1070 689 1133 per
713 1056 746 1115 te
762 1048 911 1129 firmatis,
927 1050 962 1114 in
979 1073 1072 1116 suum
1087 1071 1147 1118 nos
1163 1050 1219 1117 ha·

6 1219 7 1234 ς
101 1157 208 1223 bentes
224 1155 338 1222 (linem
369 1158 457 1224 omni
489 1157 618 1238 amoris,
650 1155 835 1222 dilectionis
861 1161 894 1222 et
918 1176 993 1222 vers
1010 1158 1163 1240 amicitie,
1179 1180 1218 1222 oc

6 1353 7 1360 ἵ
99 1265 234 1330 concivis
257 1265 394 1331 unitatis
409 1263 538 1331 fervore
554 1263 703 1347 legaliter
728 1265 815 1331 omni
839 1269 985 1350 tempore
1018 1286 1216 1352 prosequen-

5 1405 6 1410 κ
98 1373 255 1456 tur‚quod
271 1378 308 1437 tu
324 1373 423 1437 etiam
455 1371 577 1440 eisdem
618 1371 751 1437 domino
782 1371 868 1438 Duci
894 1377 926 1437 ot
952 1369 1127 1439 Communi
1145 1373 1216 1439 looo

5 1511 6 1576 3
98 1480 194 1546 nostri
208 1480 316 1548 facere
348 1479 465 1557 valeas,
496 1479 674 1563 redigendo
699 1479 733 1544 id
757 1480 790 1546 in
817 1479 962 1564 quolibet
978 1481 1140 1547 volumine
1157 1487 1215 1548 aut

4 1619 7 1676 ξ
97 1586 340 1678 privilegiorum,
356 1609 413 1653 seu
429 1587 730 1668 instrumentorum,
755 1593 813 1654 aut
841 1589 1060 1672 quarumlibet
1077 1590 1212 1673 scripto·

4 1755 6 1790 ,
98 1717 166 1760 rum
192 1695 350 1774 oliorum,
376 1715 437 1778 que
465 1696 516 1760 vol
540 1695 627 1778 quod
653 1716 766 1762 eorum
792 1717 889 1780 super
905 1697 954 1762 his
972 1719 992 1762 a
1009 1705 1041 1764 te
1057 1695 1216 1781 petierint

4 1813 5 1820 ’
99 1803 158 1886 ipsi
173 1802 321 1870 dominns
336 1803 414 1868 Dux
430 1809 464 1867 et
480 1803 665 1882 Commune,
677 1809 709 1867 et
734 1808 863 1870 nostros
887 1803 1024 1874 heredes
1041 1810 1075 1871 et
1091 1823 1215 1870 succes·

3 1911 6 2008 ζ
96 1931 180 1976 sores
204 1911 300 1978 firma
331 1917 365 1976 ct
392 1917 476 1990 rato,
503 1911 593 1976 etin
619 1910 709 1977 nullo
725 1911 855 1993 penitas
881 1913 1042 1978 contraire
1059 1911 1216 1977 volumus·

3 2011 5 2042 ³
95 2015 242 2102 Denique
267 2025 300 2084 et
316 2018 377 2084 tibi
394 2026 542 2083 nostram
558 2018 660 2082 ricem
677 2022 710 2082 st
737 2021 929 2100 potestatem
957 2016 1053 2101 plene
1070 2017 1215 2084 commit·

3 2147 5 2214 5
96 2125 188 2190 timus
204 2133 236 2191 et
253 2146 413 2210 expresse,
430 2127 517 2210 qnod
533 2126 650 2208 omnia,
686 2145 749 2208 que
781 2131 891 2190 nostro
917 2125 1034 2190 honori
1062 2132 1096 2190 et
1112 2125 1214 2192 statui

3 2223 5 2274 t
95 2235 262 2318 magnifico
280 2235 411 2317 prodire
427 2232 545 2300 videris
561 2234 594 2299 in
606 2237 898 2316 augmentumcum
922 2231 1061 2316 pretatis
1081 2231 1214 2297 domino

95 2337 185 2406 Duce
200 2346 233 2405 et
249 2341 429 2424 Communi,
444 2343 545 2407 etiam
561 2342 650 2408 ultra
663 2339 731 2420 illa,
762 2361 824 2422 que
855 2345 1006 2425 protacta
1032 2346 1114 2420 sunt,
1131 2347 1215 2405 trao-

93 2450 161 2512 ters
176 2453 208 2512 et
221 2447 354 2514 tinnare
370 2447 417 2514 ita
433 2450 539 2530 possis
556 2456 588 2513 et
605 2447 724 2528 valeas,
756 2448 841 2512 sicut
856 2453 970 2513 nostra
985 2467 1126 2531 persona
1141 2468 1215 2531 pro·

93 2554 163 2636 pria
180 2552 286 2620 facere
302 2561 411 2638 potest
436 2556 486 2622 vel
502 2561 612 2640 posset
637 2555 670 2620 in
695 2554 755 2635 his,
787 2555 975 2621 authorum
1001 2575 1215 2638 quocunque;

94 2667 205 2728 contra
221 2683 320 2745 quam
336 2671 427 2728 tuom
458 2662 697 2728 ordinationem
712 2660 803 2727 nullo
819 2662 915 2729 modo
930 2662 1042 2728 venire
1057 2661 1215 2745 volumus,

1 2751 3 2780 ⁸
93 2775 187 2850 prout
217 2769 382 2853 tangimus
413 2770 445 2835 in
463 2769 610 2834 articulis
642 2768 849 2852 supradictis.
874 2767 1000 2835 Actum
1024 2777 1072 2834 est
1102 2768 1214 2836 hocin

94 2879 201 2940 nostro
233 2875 378 2959 hospitio
410 2897 519 2940 coram
551 2877 678 2961 rogatis
707 2875 853 2957 testibus,
878 2875 1031 2941 vidolicct
1062 2874 1212 2958 Holphio

1 2987 2 3064 j
91 2988 199 3048 nostro
215 2981 452 3064 Maresoholco,
463 2989 495 3046 et
512 2981 594 3049 Oofo
604 2981 775 3048 Potestate
786 2981 941 3066 Sybinici,
957 3003 996 3048 ac
1008 2983 1082 3048 aliis
1092 2983 1213 3048 nostris

1 3103 2 3164 ;
92 3087 247 3156 fidelibus.
284 3089 327 3156 In
344 3091 435 3174 cnjus
466 3090 515 3154 rei
547 3089 662 3156 robore
691 3098 859 3176 presentes
883 3092 918 3156 in
943 3088 1082 3155 formam
1106 3087 1212 3172 redigi

1 3241 2 3281 ,
97 3196 257 3279 publicam
290 3197 524 3278 mandauimus,
540 3205 573 3264 et
602 3198 708 3264 nostri
733 3198 932 3282 appensione
958 3195 1059 3282 sigilli
1083 3195 1212 3261 muniri.

1 3305 2 3308 ’
83 3303 313 3389 -DataSpalati
322 3303 407 3370 dieV
410 3311 559 3370 ¹exeunte
568 3305 743 3372 Februarii
753 3305 972 3372 annoDomini
982 3303 1210 3374 MOCOXIV.

1 3501 2 3504 Ἴ
96 3411 269 3478 indictione
285 3413 369 3480 XII.
385 3414 535 3480 Banatus
551 3415 655 3480 nostri
682 3410 860 3480 Obroatiac
887 3435 971 3480 onuo
987 3414 1126 3482 secundo
1142 3412 1214 3480 telt-

93 3517 178 3590 citor.
197 3518 316 3590 Amen.

626 3629 673 3696 Et
689 3633 761 3716 Ego
786 3632 961 3717 Philippus
977 3632 1056 3697 olim
1080 3676 1214 3695 .....

517 3737 556 3802 de
567 3736 735 3804 Scardona
745 3739 841 3805 Publ.
857 3745 942 3806 auct
954 3741 1038 3822 Imp.
1054 3737 1214 3806 Notarius

515 3843 671 3928 predictis
706 3845 839 3913 intertui
880 3853 1015 3930 rogatus
1040 3844 1155 3928 scripsi
1180 3847 1213 3906 ot

519 3949 672 4020 roboravi
690 3959 723 4020 et
740 3954 834 4037 signo
859 3955 957 4020 solito
975 3950 1169 4036 consignari.

1 4153 2 4176 3
194 4113 230 4182 (A
248 4113 351 4178 »Copia
366 4115 399 4163 de
414 4111 661 4167 Continenrorielis
675 4115 765 4165 czim'u
793 4118 929 4168 relenczei
953 4113 1179 4178 atltainkonyvool
1194 4113 1216 4164 1.
1269 4113 1272 4118 '

91 4202 144 4266 lsttt.
158 4207 218 4258 tos.
233 4207 297 4267 lev,
310 4219 326 4254 a
339 4203 415 4256 bessi
429 4217 465 4259 os.
480 4203 568 4254 titkos
580 4200 776 4266 levdltdrban.)
