3234 5238
416 326 456 390 16
767 340 1001 386 nrrnuuauam
1017 326 1186 388 amaran.

521 499 564 574 ql.
590 498 721 564 Similes
738 497 822 561 facte
843 505 921 564 sunt
947 497 972 562 J
974 499 1138 564 ustitiario
1155 497 1256 563 Terre
1288 497 1435 562 Ydronti
1459 495 1526 582 (Ot-

418 603 528 691 rante)
555 607 594 670 de
620 606 721 670 vnciis
747 607 819 670 auri
847 627 904 671 sex
938 606 1071 672 milibus
1105 613 1288 672 trecentum
1313 607 1528 688 septuaginta·

415 717 566 799 quinque.
582 712 706 779 Datum
722 720 757 778 vt
773 723 879 797 supra.

523 823 566 898 Ἦ.
582 821 711 888 Similes
737 822 823 886 facte
850 829 925 887 sunt
949 823 973 889 J
976 823 1138 887 ustitiario
1155 821 1334 889 Basilicate
1365 822 1406 886 de
1436 822 1530 887 vnciis

413 933 485 998 anri
517 937 640 1013 septem
655 929 785 994 milibus
801 935 984 994 trecentum
1000 930 1213 1012 septuaginta
1229 931 1382 1011 quinque.
1409 928 1527 993 Datum

415 1045 574 1121 utsupra.

521 1145 564 1219 ql.
581 1143 709 1210 Similes
725 1143 812 1207 facte
829 1150 905 1209 sunt
930 1142 1121 1208 Justitiario
1146 1142 1356 1226 Principutns
1382 1148 1415 1207 et
1431 1141 1526 1206 Terre

409 1253 594 1320 Beneuenti
611 1252 651 1314 de
667 1251 767 1314 unciis
786 1252 857 1314 auri
883 1271 997 1316 nonem
1024 1251 1155 1317 milibus
1180 1257 1310 1315 centum
1341 1250 1528 1334 octuaginta

410 1367 536 1444 septem
554 1365 585 1423 et
603 1359 717 1422 medio.
738 1358 863 1422 Datum
880 1380 908 1422 v.
925 1379 949 1422 s.

518 1465 560 1539 ql.
578 1464 702 1530 Similis
718 1462 806 1528 facte
823 1469 900 1528 sunt
914 1464 939 1528 J
941 1464 1103 1528 ustitiario
1120 1464 1228 1530 Vallis
1240 1460 1345 1528 Grate
1373 1469 1407 1529 et
1431 1463 1528 1528 'Perre

408 1572 550 1638 Jordani
566 1573 605 1636 de
622 1573 723 1636 unicis
749 1573 821 1635 auri
847 1592 962 1636 nonem
983 1570 1111 1635 milibus
1130 1570 1378 1653 quadringentis
1405 1577 1543 1654 septus--

400 1657 500 1761 ‘ginta
517 1680 578 1743 due
596 1685 629 1742 et
645 1679 769 1741 tarenis
787 1677 979 1757 quindecim.
997 1675 1122 1740 Datum
1139 1699 1166 1740 v.
1184 1699 1207 1740 e.

506 1785 548 1859 ‘ll
565 1784 694 1849 Similes
711 1784 795 1847 sacte
813 1790 889 1847 sunt.
903 1782 1092 1848 Justitiario
1114 1781 1325 1865 Capitaneati
1343 1789 1376 1847 et
1384 1784 1526 1850 Honoris

414 1894 539 1957 Muutis
557 1891 670 1956 Sancti
686 1890 809 1972 Angeli
826 1890 865 1952 de
883 1890 983 1953 vnciis
999 1892 1072 1952 anri
1099 1892 1241 1971 quinque
1266 1890 1397 1956 milibus
1429 1894 1528 1958 trede-

411 2002 473 2063 cim
490 2005 524 2063 et
539 2000 664 2062 tarenis
682 1999 795 2080 viginti
821 1997 946 2061 duobus
962 2003 996 2060 et
1012 1996 1129 2060 medio.
1146 1995 1270 2060 Datum
1286 2021 1314 2061 v.
1331 2020 1355 2062 s.

516 2108 558 2180 cll.
575 2106 699 2171 Similis
716 2105 801 2170 lacte
818 2111 893 2168 sunt
908 2103 1098 2168 J‘ustitiarm
1125 2104 1227 2168 Terre
1257 2105 1336 2170 Bari
1369 2107 1410 2170 de
1428 2106 1524 2171 unciis

407 2218 478 2279 auri
495 2235 611 2280 nonem
628 2211 759 2276 milibus
776 2211 949 2276 ducentum
967 2212 1218 2292 quinquaginta.
1234 2211 1359 2275 Datum
1376 2234 1403 2275 v.
1420 2233 1444 2275 s.
1601 2195 1603 2232 ⁴

516 2321 558 2394 cll.
577 2319 707 2384 Similes
723 2318 808 2382 facte
827 2324 901 2383 sunt
919 2317 1110 2380 ‹lustitiariu
1128 2315 1262 2400 Aprutij
1281 2317 1322 2380 de
1342 2318 1441 2382 unciis
1453 2318 1523 2382 auri
1601 2357 1603 2376 .

407 2428 553 2492 undecim
569 2427 700 2492 milibus
717 2427 864 2491 ducentis
881 2432 913 2488 ct
929 2426 1055 2506 viginti.
1070 2425 1195 2490 Datum
1211 2449 1240 2490 u.
1269 2448 1294 2490 s,

516 2534 559 2608 til.
577 2532 644 2598 Sub
655 2533 751 2596 simili
768 2533 873 2597 forma
891 2533 1115 2614 scriptumest
1140 2531 1273 2598 Vicario
1285 2531 1413 2611 Sicilie„
1440 2529 1524 2614 quud

406 2663 477 2706 cum
504 2640 639 2704 consilio
665 2641 849 2705 Justitiarii
875 2646 908 2702 et
935 2638 1075 2702 aliorum
1102 2636 1294 2721 Sapientum
1319 2640 1466 2720 imponat
1495 2639 1525 2701 in
1602 2635 1603 2696 ζ

407 2747 521 2814 Sicilia
537 2747 570 2809 in
587 2747 692 2826 terris,
708 2747 764 2810 vbi
781 2746 895 2810 melius
911 2745 1028 2808 viderit
1046 2745 1209 2828 expedire.
1227 2745 1334 2813 XXV
1360 2746 1451 2810 milia
1475 2767 1527 2808 un·
1596 2735 1603 2780 3

406 2858 473 2920 cias
490 2844 570 2918 auri
587 2851 711 2917 Datum
727 2876 756 2918 v.
773 2875 798 2918 s.
1600 2839 1603 2852 ’

514 2997 696 3057 (Aachist'ri
711 2998 861 3060 Angiuinir
873 2997 905 3046 D.
918 3003 941 3047 6.
956 3013 993 3047 sz.
1010 2996 1434 3062 Reg.car01il.kutete'bul2901.
1444 2997 1525 3065 ;u.u)
1601 3005 1603 3056 ζ

942 3339 991 3400 11.

404 3463 431 3536 ι,
451 3464 578 3548 nasa
593 3463 720 3526 sistra-17
737 3462 849 3546 saraa
867 3463 1020 3524 amaa
1037 3485 1108 3525 aa
1124 3464 1190 3526 aar
1206 3463 1410 3548 cappatus..
1432 3462 1524 3526 1269.
1601 3427 1603 3492 ῗ

512 3604 553 3678 ql.
566 3603 730 3686 Scriptum
756 3611 806 3665 cst
830 3601 933 3666 eidem
968 3601 1159 3666 ‹lustitiaric
1185 3599 1303 3685 (Terre
1330 3601 1471 3666 Laboris
1494 3605 1525 3663 st

403 3707 590 3776 Comitatus
606 3708 757 3792 Melisij.)
1602 3685 1603 3698 ἵ

510 3817 684 3883 Fidelitati
704 3823 759 3880 tue
784 3815 991 3898 precipiendo
1017 3815 1218 3894 mandamus,
1244 3821 1408 3896 quatenus
1434 3813 1524 3880 iami-
1601 3863 1602 3866 η

402 3926 500 3991 lieres
526 3934 658 3991 nostrus
684 3931 717 3988 ct
735 3923 826 4005 alius,
843 3924 960 4004 quibus
977 3924 1061 3987 forte
1077 3924 1110 3986 in
1126 3921 1351 3988 iurisdictione
1367 3929 1425 3988 tua
1441 3922 1523 3986 bona

401 4034 634 4114 burgensatica
650 4032 763 4111 aliqua
788 4029 993 4112 proditorum
1020 4037 1207 4094 nostrerum
1233 4031 1267 4093 in
1298 4028 1524 4112 burgensatico

402 4147 435 4204 ct
450 4162 512 4204 non
530 4141 563 4203 in
580 4139 709 4222 pheudo
726 4157 785 4218 per
802 4137 937 4202 Curiam
954 4143 1098 4201 nostram
1118 4142 1193 4200 sunt
1209 4157 1371 4219 concessa,
1397 4138 1431 4201 in
1455 4155 1521 4214 pre·

402 4247 486 4308 senti
502 4245 715 4308 subuentiune
730 4241 763 4307 in
791 4242 1018 4306 Justitiariatn
1039 4249 1095 4307 tuo
1113 4242 1309 4324 imponenda
1340 4264 1401 4325 pro
1431 4239 1523 4306 muri·
1601 4287 1603 4324 :

401 4352 491 4428 tagio
510 4349 662 4414 Ysabelle
679 4349 845 4412 carissime
875 4349 940 4413 filie
968 4355 1078 4412 nostre
1099 4368 1160 4430 pro
1186 4347 1280 4413 bonis
1307 4348 1428 4412 eisdem
1454 4365 1522 4411 cunr
1601 4363 1603 4410 l

402 4453 551 4518 fidelibus
568 4455 689 4518 nostris
707 4453 884 4516 Terrarum
899 4455 1051 4537 ipsarum,
1068 4455 1101 4515 in
1118 4452 1234 4535 quibus
1250 4453 1337 4516 bonu
1364 4455 1435 4536 ipsa
1451 4472 1522 4518 cuna
