<?xml version="1.0" encoding="UTF-8"?>
<!DOCTYPE html PUBLIC "-//W3C//DTD XHTML 1.0 Transitional//EN"
    "http://www.w3.org/TR/xhtml1/DTD/xhtml1-transitional.dtd">
<html xmlns="http://www.w3.org/1999/xhtml" xml:lang="en" lang="en">
 <head>
  <title>
</title>
<meta http-equiv="Content-Type" content="text/html;charset=utf-8" />
  <meta name='ocr-system' content='tesseract 3.04.00' />
  <meta name='ocr-capabilities' content='ocr_page ocr_carea ocr_par ocr_line ocrx_word'/>
</head>
<body>
  <div class='ocr_page' id='page_1' title='image "./magyardiplomacz02wenzgoog_0160.png"; bbox 0 0 3174 5236; ppageno 0'>
   <div class='ocr_carea' id='block_1_1' title="bbox 421 340 1204 410">
    <p class='ocr_par' dir='ltr' id='par_1_1' title="bbox 421 340 1204 410">
     <span class='ocr_line' id='line_1_1' title="bbox 421 340 1204 410; baseline 0.008 -9"><span class='ocrx_word' id='word_1_1' title='bbox 421 340 485 402; x_wconf 79' lang='lat'>124</span> <span class='ocrx_word' id='word_1_2' title='bbox 778 359 1016 407; x_wconf 78' lang='lat' dir='ltr'>nrrnouaczmi</span> <span class='ocrx_word' id='word_1_3' title='bbox 1032 349 1204 410; x_wconf 71' lang='lat' dir='ltr'>nucinas.</span> 
     </span>
    </p>
   </div>
   <div class='ocr_carea' id='block_1_2' title="bbox 416 533 1535 715">
    <p class='ocr_par' dir='ltr' id='par_1_2' title="bbox 416 533 1535 715">
     <span class='ocr_line' id='line_1_2' title="bbox 416 533 1535 622; baseline 0.008 -21"><span class='ocrx_word' id='word_1_4' title='bbox 416 536 544 602; x_wconf 86' lang='lat' dir='ltr'>latemus</span> <span class='ocrx_word' id='word_1_5' title='bbox 571 533 799 600; x_wconf 76' lang='lat' dir='ltr'><strong>extendantur.</strong></span> <span class='ocrx_word' id='word_1_6' title='bbox 816 536 942 603; x_wconf 91' lang='lat' dir='ltr'>Datum</span> <span class='ocrx_word' id='word_1_7' title='bbox 953 535 1109 622; x_wconf 81' lang='lat' dir='ltr'>Anagnis</span> <span class='ocrx_word' id='word_1_8' title='bbox 1124 559 1184 622; x_wconf 89' lang='lat' dir='ltr'>per</span> <span class='ocrx_word' id='word_1_9' title='bbox 1200 563 1317 610; x_wconf 87' lang='lat' dir='ltr'>manus</span> <span class='ocrx_word' id='word_1_10' title='bbox 1328 542 1535 610; x_wconf 84' lang='lat' dir='ltr'>Bartholomei</span> 
     </span>
     <span class='ocr_line' id='line_1_3' title="bbox 419 641 1166 715; baseline 0.005 -5"><span class='ocrx_word' id='word_1_11' title='bbox 419 652 478 710; x_wconf 87' lang='lat' dir='ltr'>eto.</span> <span class='ocrx_word' id='word_1_12' title='bbox 495 643 548 709; x_wconf 87' lang='lat' dir='ltr'>die</span> <span class='ocrx_word' id='word_1_13' title='bbox 566 641 746 712; x_wconf 89' lang='lat' dir='ltr'>XXVIII.</span> <span class='ocrx_word' id='word_1_14' title='bbox 763 645 848 712; x_wconf 89' lang='lat' dir='ltr'>Maii</span> <span class='ocrx_word' id='word_1_15' title='bbox 867 644 949 715; x_wconf 91' lang='lat' dir='ltr'><strong>VII.</strong></span> <span class='ocrx_word' id='word_1_16' title='bbox 965 647 1166 715; x_wconf 74' lang='lat' dir='ltr'>indictionis.</span> 
     </span>
    </p>
   </div>
   <div class='ocr_carea' id='block_1_3' title="bbox 524 823 1465 898">
    <p class='ocr_par' dir='ltr' id='par_1_3' title="bbox 524 823 1465 898">
     <span class='ocr_line' id='line_1_4' title="bbox 524 823 1465 898; baseline 0.005 -21"><span class='ocrx_word' id='word_1_17' title='bbox 524 823 560 889; x_wconf 78' lang='lat' dir='ltr'>(A</span> <span class='ocrx_word' id='word_1_18' title='bbox 575 823 658 892; x_wconf 59' lang='lat' dir='ltr'>»uss</span> <span class='ocrx_word' id='word_1_19' title='bbox 673 823 821 892; x_wconf 82' lang='lat' dir='ltr'>Angioini‹</span> <span class='ocrx_word' id='word_1_20' title='bbox 839 827 869 879; x_wconf 91' lang='grc' dir='ltr'>Β.</span> <span class='ocrx_word' id='word_1_21' title='bbox 886 833 928 878; x_wconf 78' lang='grc'>74.</span> <span class='ocrx_word' id='word_1_22' title='bbox 943 843 980 880; x_wconf 81' lang='lat' dir='ltr'>az.</span> <span class='ocrx_word' id='word_1_23' title='bbox 994 829 1060 892; x_wconf 79' lang='lat' dir='ltr'>neg.</span> <span class='ocrx_word' id='word_1_24' title='bbox 1076 830 1174 882; x_wconf 84' lang='lat' dir='ltr'>Karoli</span> <span class='ocrx_word' id='word_1_25' title='bbox 1188 831 1224 880; x_wconf 91' lang='lat' dir='ltr'>II.</span> <span class='ocrx_word' id='word_1_26' title='bbox 1238 834 1280 881; x_wconf 85' lang='lat'>80.</span> <span class='ocrx_word' id='word_1_27' title='bbox 1296 833 1368 898; x_wconf 82' lang='lat' dir='ltr'>lev.;</span> <span class='ocrx_word' id='word_1_28' title='bbox 1392 848 1418 884; x_wconf 83' lang='lat' dir='ltr'>u</span> <span class='ocrx_word' id='word_1_29' title='bbox 1432 835 1465 896; x_wconf 91' lang='grc' dir='ltr'>ο.)</span> 
     </span>
    </p>
   </div>
   <div class='ocr_carea' id='block_1_4' title="bbox 910 1005 1065 1018">
    <p class='ocr_par' dir='ltr' id='par_1_4' title="bbox 910 1005 1065 1018">
     <span class='ocr_line' id='line_1_5' title="bbox 910 1005 1065 1018; baseline -0.006 -1"><span class='ocrx_word' id='word_1_30' title='bbox 910 1005 1065 1018; x_wconf 48' lang='lat' dir='ltr'>m*</span> 
     </span>
    </p>
   </div>
   <div class='ocr_carea' id='block_1_5' title="bbox 958 1191 1030 1256">
    <p class='ocr_par' dir='ltr' id='par_1_5' title="bbox 958 1191 1030 1256">
     <span class='ocr_line' id='line_1_6' title="bbox 958 1191 1030 1256; baseline -0.028 0"><span class='ocrx_word' id='word_1_31' title='bbox 958 1191 1030 1256; x_wconf 83' lang='lat'>149.</span> 
     </span>
    </p>
   </div>
   <div class='ocr_carea' id='block_1_6' title="bbox 421 1351 1538 1548">
    <p class='ocr_par' dir='ltr' id='par_1_6' title="bbox 421 1351 1538 1548">
     <span class='ocr_line' id='line_1_7' title="bbox 421 1351 1538 1442; baseline 0.007 -26"><span class='ocrx_word' id='word_1_32' title='bbox 421 1351 464 1418; x_wconf 90' lang='grc' dir='ltr'>ΙΙ.</span> <span class='ocrx_word' id='word_1_33' title='bbox 483 1353 610 1442; x_wconf 78' lang='lat' dir='ltr'>Ka&#39;roly</span> <span class='ocrx_word' id='word_1_34' title='bbox 635 1353 764 1418; x_wconf 77' lang='lat' dir='ltr'>sicilici</span> <span class='ocrx_word' id='word_1_35' title='bbox 790 1353 902 1437; x_wconf 74' lang='lat' dir='ltr'>kirctly</span> <span class='ocrx_word' id='word_1_36' title='bbox 929 1351 1111 1437; x_wconf 76' lang='lat' dir='ltr'>moperdeiti</span> <span class='ocrx_word' id='word_1_37' title='bbox 1130 1355 1216 1434; x_wconf 70' lang='lat' dir='ltr'>Pali,</span> <span class='ocrx_word' id='word_1_38' title='bbox 1243 1357 1367 1441; x_wconf 76' lang='lat' dir='ltr'>tenperi</span> <span class='ocrx_word' id='word_1_39' title='bbox 1383 1357 1414 1420; x_wconf 84' lang='lat' dir='ltr'>e&#39;s</span> <span class='ocrx_word' id='word_1_40' title='bbox 1429 1359 1538 1424; x_wconf 74' lang='lat' dir='ltr'>horodi·</span> 
     </span>
     <span class='ocr_line' id='line_1_8' title="bbox 584 1459 1401 1548; baseline -0.001 -21"><span class='ocrx_word' id='word_1_41' title='bbox 584 1460 713 1546; x_wconf 77' lang='lat' dir='ltr'>orazdpi</span> <span class='ocrx_word' id='word_1_42' title='bbox 730 1461 819 1542; x_wconf 72' lang='lat' dir='ltr'>brici,</span> <span class='ocrx_word' id='word_1_43' title='bbox 839 1459 1055 1548; x_wconf 73' lang='lat' dir='ltr'>ddriscipa&#39;aak</span> <span class='ocrx_word' id='word_1_44' title='bbox 1076 1461 1280 1530; x_wconf 75' lang='lat' dir='ltr'>dirtokdbon.</span> <span class='ocrx_word' id='word_1_45' title='bbox 1307 1467 1401 1530; x_wconf 81' lang='lat'><em>1295.</em></span> 
     </span>
    </p>
   </div>
   <div class='ocr_carea' id='block_1_7' title="bbox 528 1637 946 1707">
    <p class='ocr_par' dir='ltr' id='par_1_7' title="bbox 528 1637 946 1707">
     <span class='ocr_line' id='line_1_9' title="bbox 528 1637 946 1707; baseline 0.005 -2"><span class='ocrx_word' id='word_1_46' title='bbox 528 1640 617 1706; x_wconf 92' lang='lat' dir='ltr'>Pro</span> <span class='ocrx_word' id='word_1_47' title='bbox 643 1637 783 1706; x_wconf 88' lang='lat' dir='ltr'>Paulo</span> <span class='ocrx_word' id='word_1_48' title='bbox 809 1639 946 1707; x_wconf 85' lang='lat' dir='ltr'>Bano.</span> 
     </span>
    </p>
   </div>
   <div class='ocr_carea' id='block_1_8' title="bbox 422 1747 1580 4195">
    <p class='ocr_par' dir='ltr' id='par_1_8' title="bbox 422 1747 1580 4195">
     <span class='ocr_line' id='line_1_10' title="bbox 531 1747 1578 1834; baseline 0.002 -21"><span class='ocrx_word' id='word_1_49' title='bbox 531 1748 677 1814; x_wconf 88' lang='lat' dir='ltr'>Karolus</span> <span class='ocrx_word' id='word_1_50' title='bbox 689 1747 859 1816; x_wconf 82' lang='lat' dir='ltr'>Secundus</span> <span class='ocrx_word' id='word_1_51' title='bbox 874 1757 936 1814; x_wconf 85' lang='lat' dir='ltr'>etc.</span> <span class='ocrx_word' id='word_1_52' title='bbox 950 1757 1064 1815; x_wconf 88' lang='lat' dir='ltr'>tenore</span> <span class='ocrx_word' id='word_1_53' title='bbox 1081 1751 1239 1834; x_wconf 89' lang='lat' dir='ltr'>presentis</span> <span class='ocrx_word' id='word_1_54' title='bbox 1256 1751 1421 1834; x_wconf 86' lang='lat' dir='ltr'>priuilegij</span> <span class='ocrx_word' id='word_1_55' title='bbox 1438 1759 1536 1816; x_wconf 88' lang='lat' dir='ltr'>notum</span> <span class='ocrx_word' id='word_1_56' title='bbox 1576 1775 1578 1782; x_wconf 94' lang='lat'>·</span> 
     </span>
     <span class='ocr_line' id='line_1_11' title="bbox 422 1855 1537 1941; baseline 0.001 -21"><span class='ocrx_word' id='word_1_57' title='bbox 422 1855 559 1920; x_wconf 84' lang='lat' dir='ltr'>facimus</span> <span class='ocrx_word' id='word_1_58' title='bbox 585 1858 741 1920; x_wconf 85' lang='lat' dir='ltr'>vniuersis</span> <span class='ocrx_word' id='word_1_59' title='bbox 766 1856 972 1940; x_wconf 83' lang='lat' dir='ltr'>presentibus</span> <span class='ocrx_word' id='word_1_60' title='bbox 998 1863 1031 1922; x_wconf 90' lang='lat' dir='ltr'>et</span> <span class='ocrx_word' id='word_1_61' title='bbox 1046 1856 1175 1936; x_wconf 71' lang='lat' dir='ltr'>futuris</span> <span class='ocrx_word' id='word_1_62' title='bbox 1200 1858 1289 1940; x_wconf 92' lang='lat' dir='ltr'>quod</span> <span class='ocrx_word' id='word_1_63' title='bbox 1304 1879 1363 1922; x_wconf 93' lang='lat' dir='ltr'>nos</span> <span class='ocrx_word' id='word_1_64' title='bbox 1379 1858 1537 1941; x_wconf 85' lang='lat' dir='ltr'>obsequen·</span> 
     </span>
     <span class='ocr_line' id='line_1_12' title="bbox 423 1963 1578 2060; baseline -0.003 -31"><span class='ocrx_word' id='word_1_65' title='bbox 423 1965 504 2029; x_wconf 90' lang='lat' dir='ltr'>tium</span> <span class='ocrx_word' id='word_1_66' title='bbox 529 1963 623 2028; x_wconf 89' lang='lat' dir='ltr'>nobis</span> <span class='ocrx_word' id='word_1_67' title='bbox 640 1966 758 2028; x_wconf 85' lang='lat' dir='ltr'>merita</span> <span class='ocrx_word' id='word_1_68' title='bbox 772 1966 877 2047; x_wconf 81' lang='lat' dir='ltr'>gratis</span> <span class='ocrx_word' id='word_1_69' title='bbox 893 1963 1066 2030; x_wconf 85' lang='lat' dir='ltr'>affectibus</span> <span class='ocrx_word' id='word_1_70' title='bbox 1082 1966 1255 2044; x_wconf 88' lang='lat' dir='ltr'>intuentes,</span> <span class='ocrx_word' id='word_1_71' title='bbox 1280 1965 1355 2030; x_wconf 92' lang='lat' dir='ltr'>illos</span> <span class='ocrx_word' id='word_1_72' title='bbox 1371 1966 1536 2048; x_wconf 88' lang='lat' dir='ltr'>potioribus</span> <span class='ocrx_word' id='word_1_73' title='bbox 1575 2049 1578 2060; x_wconf 31' lang='grc' dir='ltr'>Ι</span> 
     </span>
     <span class='ocr_line' id='line_1_13' title="bbox 422 2071 1538 2157; baseline 0 -21"><span class='ocrx_word' id='word_1_74' title='bbox 422 2072 631 2156; x_wconf 90' lang='lat' dir='ltr'>prouidemus</span> <span class='ocrx_word' id='word_1_75' title='bbox 647 2072 816 2157; x_wconf 86' lang='lat' dir='ltr'>beneficijs</span> <span class='ocrx_word' id='word_1_76' title='bbox 833 2071 1019 2156; x_wconf 74' lang='lat' dir='ltr'>efferendos,</span> <span class='ocrx_word' id='word_1_77' title='bbox 1046 2093 1127 2157; x_wconf 88' lang='lat' dir='ltr'>quos</span> <span class='ocrx_word' id='word_1_78' title='bbox 1143 2075 1272 2138; x_wconf 85' lang='lat' dir='ltr'>maiora</span> <span class='ocrx_word' id='word_1_79' title='bbox 1287 2072 1382 2138; x_wconf 90' lang='lat' dir='ltr'>nobis</span> <span class='ocrx_word' id='word_1_80' title='bbox 1398 2073 1538 2156; x_wconf 88' lang='lat' dir='ltr'>comperi·</span> 
     </span>
     <span class='ocr_line' id='line_1_14' title="bbox 423 2179 1536 2265; baseline -0.002 -20"><span class='ocrx_word' id='word_1_81' title='bbox 423 2201 495 2247; x_wconf 86' lang='lat' dir='ltr'>mus</span> <span class='ocrx_word' id='word_1_82' title='bbox 512 2183 650 2246; x_wconf 85' lang='lat' dir='ltr'>seruitia</span> <span class='ocrx_word' id='word_1_83' title='bbox 666 2181 857 2265; x_wconf 87' lang='lat' dir='ltr'>prestitisse.</span> <span class='ocrx_word' id='word_1_84' title='bbox 873 2179 1097 2248; x_wconf 83' lang='lat' dir='ltr'>Actendentes</span> <span class='ocrx_word' id='word_1_85' title='bbox 1114 2184 1226 2265; x_wconf 86' lang='lat' dir='ltr'>itaque</span> <span class='ocrx_word' id='word_1_86' title='bbox 1243 2180 1395 2264; x_wconf 78' lang='lat' dir='ltr'>grandia¹</span> <span class='ocrx_word' id='word_1_87' title='bbox 1409 2187 1496 2263; x_wconf 83' lang='lat' dir='ltr'>grata</span> <span class='ocrx_word' id='word_1_88' title='bbox 1509 2183 1536 2243; x_wconf 88' lang='lat' dir='ltr'>et</span> 
     </span>
     <span class='ocr_line' id='line_1_15' title="bbox 424 2289 1536 2373; baseline -0.005 -18"><span class='ocrx_word' id='word_1_89' title='bbox 424 2295 559 2373; x_wconf 87' lang='lat' dir='ltr'>accepta</span> <span class='ocrx_word' id='word_1_90' title='bbox 585 2292 731 2372; x_wconf 84' lang='lat' dir='ltr'>seruitia,</span> <span class='ocrx_word' id='word_1_91' title='bbox 762 2311 825 2372; x_wconf 89' lang='lat' dir='ltr'>que</span> <span class='ocrx_word' id='word_1_92' title='bbox 850 2290 899 2353; x_wconf 89' lang='lat' dir='ltr'>vir</span> <span class='ocrx_word' id='word_1_93' title='bbox 923 2289 1043 2355; x_wconf 89' lang='lat' dir='ltr'>nobilis</span> <span class='ocrx_word' id='word_1_94' title='bbox 1069 2289 1192 2355; x_wconf 88' lang='lat' dir='ltr'>Paulus</span> <span class='ocrx_word' id='word_1_95' title='bbox 1216 2290 1329 2356; x_wconf 89' lang='lat' dir='ltr'>Banus</span> <span class='ocrx_word' id='word_1_96' title='bbox 1353 2289 1536 2366; x_wconf 81' lang='lat' dir='ltr'>Maritimus,</span> 
     </span>
     <span class='ocr_line' id='line_1_16' title="bbox 424 2394 1536 2480; baseline -0.004 -19"><span class='ocrx_word' id='word_1_97' title='bbox 424 2395 585 2463; x_wconf 88' lang='lat' dir='ltr'>Dominus</span> <span class='ocrx_word' id='word_1_98' title='bbox 602 2394 810 2478; x_wconf 85' lang='lat' dir='ltr'>Orcatorum,</span> <span class='ocrx_word' id='word_1_99' title='bbox 834 2395 971 2462; x_wconf 87' lang='lat' dir='ltr'>dilectus</span> <span class='ocrx_word' id='word_1_100' title='bbox 997 2403 1030 2462; x_wconf 88' lang='lat' dir='ltr'>et</span> <span class='ocrx_word' id='word_1_101' title='bbox 1045 2396 1152 2462; x_wconf 87' lang='lat' dir='ltr'>fidelis</span> <span class='ocrx_word' id='word_1_102' title='bbox 1168 2399 1426 2480; x_wconf 86' lang='lat' dir='ltr'>consanguineus</span> <span class='ocrx_word' id='word_1_103' title='bbox 1441 2402 1536 2459; x_wconf 87' lang='lat' dir='ltr'>noster</span> 
     </span>
     <span class='ocr_line' id='line_1_17' title="bbox 424 2502 1536 2587; baseline -0.006 -19"><span class='ocrx_word' id='word_1_104' title='bbox 424 2502 588 2586; x_wconf 87' lang='lat' dir='ltr'>quondam</span> <span class='ocrx_word' id='word_1_105' title='bbox 605 2503 737 2568; x_wconf 91' lang='lat' dir='ltr'>domino</span> <span class='ocrx_word' id='word_1_106' title='bbox 754 2505 840 2586; x_wconf 89' lang='lat' dir='ltr'>patri</span> <span class='ocrx_word' id='word_1_107' title='bbox 857 2509 970 2567; x_wconf 90' lang='lat' dir='ltr'>nostro</span> <span class='ocrx_word' id='word_1_108' title='bbox 987 2503 1104 2568; x_wconf 88' lang='lat' dir='ltr'>deuote</span> <span class='ocrx_word' id='word_1_109' title='bbox 1118 2506 1270 2587; x_wconf 77' lang='lat' dir='ltr'>prestitit,</span> <span class='ocrx_word' id='word_1_110' title='bbox 1286 2502 1417 2569; x_wconf 83' lang='lat' dir='ltr'>assidue</span> <span class='ocrx_word' id='word_1_111' title='bbox 1427 2505 1536 2587; x_wconf 84' lang='lat' dir='ltr'>prestat</span> 
     </span>
     <span class='ocr_line' id='line_1_18' title="bbox 424 2607 1534 2694; baseline -0.002 -20"><span class='ocrx_word' id='word_1_112' title='bbox 424 2610 526 2692; x_wconf 71' lang='lat' dir='ltr'>nobis</span> <span class='ocrx_word' id='word_1_113' title='bbox 551 2618 583 2674; x_wconf 92' lang='lat' dir='ltr'>et</span> <span class='ocrx_word' id='word_1_114' title='bbox 597 2609 726 2676; x_wconf 85' lang='lat' dir='ltr'>Karclo</span> <span class='ocrx_word' id='word_1_115' title='bbox 752 2613 970 2694; x_wconf 84' lang='lat' dir='ltr'>primogenito</span> <span class='ocrx_word' id='word_1_116' title='bbox 994 2618 1107 2676; x_wconf 90' lang='lat' dir='ltr'>nostro</span> <span class='ocrx_word' id='word_1_117' title='bbox 1123 2610 1209 2692; x_wconf 84' lang='lat' dir='ltr'>Regi</span> <span class='ocrx_word' id='word_1_118' title='bbox 1224 2609 1382 2692; x_wconf 85' lang='lat' dir='ltr'>Vngaric,</span> <span class='ocrx_word' id='word_1_119' title='bbox 1405 2607 1534 2690; x_wconf 89' lang='lat' dir='ltr'>Principi</span> 
     </span>
     <span class='ocr_line' id='line_1_19' title="bbox 424 2715 1580 2814; baseline -0.003 -30"><span class='ocrx_word' id='word_1_120' title='bbox 424 2715 633 2784; x_wconf 83' lang='lat' dir='ltr'>Salernitsno</span> <span class='ocrx_word' id='word_1_121' title='bbox 651 2725 683 2784; x_wconf 89' lang='lat' dir='ltr'>et</span> <span class='ocrx_word' id='word_1_122' title='bbox 698 2718 846 2786; x_wconf 88' lang='lat' dir='ltr'>Honoris</span> <span class='ocrx_word' id='word_1_123' title='bbox 862 2719 988 2784; x_wconf 89' lang='lat' dir='ltr'>Montis</span> <span class='ocrx_word' id='word_1_124' title='bbox 1006 2716 1120 2784; x_wconf 83' lang='lat' dir='ltr'>Sancti</span> <span class='ocrx_word' id='word_1_125' title='bbox 1135 2716 1257 2802; x_wconf 85' lang='lat' dir='ltr'>Angeli</span> <span class='ocrx_word' id='word_1_126' title='bbox 1273 2715 1427 2800; x_wconf 84' lang='lat' dir='ltr'>Domino,</span> <span class='ocrx_word' id='word_1_127' title='bbox 1450 2737 1487 2782; x_wconf 88' lang='lat' dir='ltr'>ao</span> <span class='ocrx_word' id='word_1_128' title='bbox 1499 2715 1535 2797; x_wconf 81' lang='lat' dir='ltr'>ip</span> <span class='ocrx_word' id='word_1_129' title='bbox 1578 2805 1580 2814; x_wconf 19' lang='grc' dir='ltr'><em>Α</em></span> 
     </span>
     <span class='ocr_line' id='line_1_20' title="bbox 425 2829 1535 2912; baseline -0.004 -23"><span class='ocrx_word' id='word_1_130' title='bbox 425 2847 495 2891; x_wconf 90' lang='lat' dir='ltr'>snm</span> <span class='ocrx_word' id='word_1_131' title='bbox 511 2829 722 2910; x_wconf 85' lang='lat' dir='ltr'>prestiturum</span> <span class='ocrx_word' id='word_1_132' title='bbox 739 2833 989 2912; x_wconf 88' lang='lat' dir='ltr'>perseueranter</span> <span class='ocrx_word' id='word_1_133' title='bbox 1005 2848 1172 2912; x_wconf 89' lang='lat' dir='ltr'>speramus</span> <span class='ocrx_word' id='word_1_134' title='bbox 1182 2830 1405 2911; x_wconf 86' lang='lat' dir='ltr'>inposterum,</span> <span class='ocrx_word' id='word_1_135' title='bbox 1420 2843 1535 2890; x_wconf 89' lang='lat' dir='ltr'>consen-</span> 
     </span>
     <span class='ocr_line' id='line_1_21' title="bbox 423 2933 1535 3022; baseline -0.004 -24"><span class='ocrx_word' id='word_1_136' title='bbox 423 2936 522 3000; x_wconf 86' lang='lat' dir='ltr'>timus</span> <span class='ocrx_word' id='word_1_137' title='bbox 539 2943 571 3003; x_wconf 91' lang='lat' dir='ltr'>et</span> <span class='ocrx_word' id='word_1_138' title='bbox 587 2934 744 3016; x_wconf 84' lang='lat' dir='ltr'>uolumus,</span> <span class='ocrx_word' id='word_1_139' title='bbox 761 2935 850 3018; x_wconf 92' lang='lat' dir='ltr'>quod</span> <span class='ocrx_word' id='word_1_140' title='bbox 865 2935 972 3001; x_wconf 85' lang='lat' dir='ltr'>dictus</span> <span class='ocrx_word' id='word_1_141' title='bbox 982 2933 1055 3000; x_wconf 84' lang='lat' dir='ltr'>Rex</span> <span class='ocrx_word' id='word_1_142' title='bbox 1066 2933 1217 3020; x_wconf 82' lang='lat' dir='ltr'>Vngarie</span> <span class='ocrx_word' id='word_1_143' title='bbox 1232 2935 1469 3022; x_wconf 80' lang='lat' dir='ltr'>primogenitus</span> <span class='ocrx_word' id='word_1_144' title='bbox 1478 2950 1535 2996; x_wconf 84' lang='lat' dir='ltr'>nos</span> 
     </span>
     <span class='ocr_line' id='line_1_22' title="bbox 422 3041 1535 3111; baseline -0.006 -3"><span class='ocrx_word' id='word_1_145' title='bbox 422 3049 473 3108; x_wconf 87' lang='lat' dir='ltr'>ter</span> <span class='ocrx_word' id='word_1_146' title='bbox 499 3041 607 3109; x_wconf 89' lang='lat' dir='ltr'>eidem</span> <span class='ocrx_word' id='word_1_147' title='bbox 633 3041 738 3108; x_wconf 84' lang='lat' dir='ltr'>Paulo</span> <span class='ocrx_word' id='word_1_148' title='bbox 759 3041 854 3111; x_wconf 91' lang='lat' dir='ltr'>Bano</span> <span class='ocrx_word' id='word_1_149' title='bbox 881 3043 1042 3108; x_wconf 89' lang='lat' dir='ltr'>concedat</span> <span class='ocrx_word' id='word_1_150' title='bbox 1067 3045 1099 3108; x_wconf 91' lang='lat' dir='ltr'>in</span> <span class='ocrx_word' id='word_1_151' title='bbox 1125 3044 1195 3108; x_wconf 89' lang='lat' dir='ltr'>uita</span> <span class='ocrx_word' id='word_1_152' title='bbox 1221 3065 1281 3108; x_wconf 88' lang='lat' dir='ltr'>sua</span> <span class='ocrx_word' id='word_1_153' title='bbox 1305 3041 1469 3106; x_wconf 87' lang='lat' dir='ltr'>Banatum</span> <span class='ocrx_word' id='word_1_154' title='bbox 1490 3057 1535 3101; x_wconf 89' lang='lat' dir='ltr'>seu</span> 
     </span>
     <span class='ocr_line' id='line_1_23' title="bbox 424 3145 1536 3218; baseline -0.008 -3"><span class='ocrx_word' id='word_1_155' title='bbox 424 3149 604 3216; x_wconf 88' lang='lat' dir='ltr'>dominium</span> <span class='ocrx_word' id='word_1_156' title='bbox 619 3149 768 3216; x_wconf 87' lang='lat' dir='ltr'>Banatus</span> <span class='ocrx_word' id='word_1_157' title='bbox 793 3153 827 3216; x_wconf 93' lang='lat' dir='ltr'>in</span> <span class='ocrx_word' id='word_1_158' title='bbox 845 3149 1011 3218; x_wconf 84' lang='lat' dir='ltr'>Oroatinis</span> <span class='ocrx_word' id='word_1_159' title='bbox 1028 3157 1061 3217; x_wconf 90' lang='lat' dir='ltr'>et</span> <span class='ocrx_word' id='word_1_160' title='bbox 1075 3151 1277 3217; x_wconf 86' lang='lat' dir='ltr'>Dalmatinis</span> <span class='ocrx_word' id='word_1_161' title='bbox 1294 3149 1451 3215; x_wconf 86' lang='lat' dir='ltr'>Partibus</span> <span class='ocrx_word' id='word_1_162' title='bbox 1467 3145 1536 3210; x_wconf 84' lang='lat' dir='ltr'>exis·</span> 
     </span>
     <span class='ocr_line' id='line_1_24' title="bbox 424 3257 1536 3343; baseline -0.008 -19"><span class='ocrx_word' id='word_1_163' title='bbox 424 3264 555 3338; x_wconf 88' lang='lat' dir='ltr'>tentem,</span> <span class='ocrx_word' id='word_1_164' title='bbox 579 3257 756 3324; x_wconf 86' lang='lat' dir='ltr'>secundum</span> <span class='ocrx_word' id='word_1_165' title='bbox 781 3259 869 3343; x_wconf 93' lang='lat' dir='ltr'>quod</span> <span class='ocrx_word' id='word_1_166' title='bbox 883 3258 1048 3324; x_wconf 89' lang='lat' dir='ltr'>Banatum</span> <span class='ocrx_word' id='word_1_167' title='bbox 1064 3259 1169 3343; x_wconf 89' lang='lat' dir='ltr'>ipsum</span> <span class='ocrx_word' id='word_1_168' title='bbox 1185 3259 1291 3324; x_wconf 85' lang='lat' dir='ltr'>tenuit</span> <span class='ocrx_word' id='word_1_169' title='bbox 1306 3262 1340 3323; x_wconf 91' lang='lat' dir='ltr'>et</span> <span class='ocrx_word' id='word_1_170' title='bbox 1354 3277 1439 3322; x_wconf 86' lang='lat' dir='ltr'>nunc</span> <span class='ocrx_word' id='word_1_171' title='bbox 1453 3259 1536 3320; x_wconf 87' lang='lat' dir='ltr'>tenet.</span> 
     </span>
     <span class='ocr_line' id='line_1_25' title="bbox 423 3360 1534 3451; baseline -0.006 -21"><span class='ocrx_word' id='word_1_172' title='bbox 423 3364 641 3432; x_wconf 87' lang='lat' dir='ltr'>Ratifioantes</span> <span class='ocrx_word' id='word_1_173' title='bbox 668 3364 826 3450; x_wconf 88' lang='lat' dir='ltr'>quicquid</span> <span class='ocrx_word' id='word_1_174' title='bbox 843 3365 884 3430; x_wconf 89' lang='lat' dir='ltr'>de</span> <span class='ocrx_word' id='word_1_175' title='bbox 914 3367 1121 3432; x_wconf 78' lang='lat' dir='ltr'>concessione</span> <span class='ocrx_word' id='word_1_176' title='bbox 1138 3367 1239 3451; x_wconf 89' lang='lat' dir='ltr'>ipsius</span> <span class='ocrx_word' id='word_1_177' title='bbox 1265 3364 1415 3430; x_wconf 85' lang='lat' dir='ltr'>Banatus</span> <span class='ocrx_word' id='word_1_178' title='bbox 1445 3360 1534 3426; x_wconf 88' lang='lat' dir='ltr'>eidem</span> 
     </span>
     <span class='ocr_line' id='line_1_26' title="bbox 424 3469 1535 3557; baseline -0.005 -21"><span class='ocrx_word' id='word_1_179' title='bbox 424 3469 530 3537; x_wconf 92' lang='lat' dir='ltr'>Paulo</span> <span class='ocrx_word' id='word_1_180' title='bbox 547 3473 712 3557; x_wconf 87' lang='lat' dir='ltr'>predictus</span> <span class='ocrx_word' id='word_1_181' title='bbox 722 3473 794 3538; x_wconf 87' lang='lat' dir='ltr'>Rex</span> <span class='ocrx_word' id='word_1_182' title='bbox 803 3471 951 3557; x_wconf 82' lang='lat' dir='ltr'>Vagarie</span> <span class='ocrx_word' id='word_1_183' title='bbox 968 3470 1098 3538; x_wconf 79' lang='lat' dir='ltr'>duxerit</span> <span class='ocrx_word' id='word_1_184' title='bbox 1113 3472 1308 3554; x_wconf 88' lang='lat' dir='ltr'>faciendum,</span> <span class='ocrx_word' id='word_1_185' title='bbox 1325 3478 1358 3534; x_wconf 88' lang='lat' dir='ltr'>et</span> <span class='ocrx_word' id='word_1_186' title='bbox 1373 3492 1432 3535; x_wconf 89' lang='lat' dir='ltr'>nos</span> <span class='ocrx_word' id='word_1_187' title='bbox 1442 3470 1535 3546; x_wconf 86' lang='lat' dir='ltr'>etiem,</span> 
     </span>
     <span class='ocr_line' id='line_1_27' title="bbox 424 3578 1534 3668; baseline -0.009 -19"><span class='ocrx_word' id='word_1_188' title='bbox 424 3591 582 3668; x_wconf 84' lang='lat' dir='ltr'>quantum</span> <span class='ocrx_word' id='word_1_189' title='bbox 597 3582 632 3646; x_wconf 91' lang='lat' dir='ltr'>in</span> <span class='ocrx_word' id='word_1_190' title='bbox 647 3581 741 3646; x_wconf 91' lang='lat' dir='ltr'>nobis</span> <span class='ocrx_word' id='word_1_191' title='bbox 758 3588 816 3664; x_wconf 86' lang='lat' dir='ltr'>est,</span> <span class='ocrx_word' id='word_1_192' title='bbox 832 3583 938 3666; x_wconf 89' lang='lat' dir='ltr'>ipsum</span> <span class='ocrx_word' id='word_1_193' title='bbox 949 3582 1115 3648; x_wconf 89' lang='lat' dir='ltr'>Banatum</span> <span class='ocrx_word' id='word_1_194' title='bbox 1131 3581 1171 3666; x_wconf 89' lang='lat' dir='ltr'>ej,</span> <span class='ocrx_word' id='word_1_195' title='bbox 1186 3581 1270 3646; x_wconf 87' lang='lat' dir='ltr'>sicut</span> <span class='ocrx_word' id='word_1_196' title='bbox 1285 3578 1464 3664; x_wconf 86' lang='lat' dir='ltr'>predicitur</span> <span class='ocrx_word' id='word_1_197' title='bbox 1473 3595 1534 3640; x_wconf 88' lang='lat' dir='ltr'>con·</span> 
     </span>
     <span class='ocr_line' id='line_1_28' title="bbox 424 3678 1534 3776; baseline -0.008 -19"><span class='ocrx_word' id='word_1_198' title='bbox 424 3691 583 3758; x_wconf 87' lang='lat' dir='ltr'>cedentes.</span> <span class='ocrx_word' id='word_1_199' title='bbox 631 3689 672 3754; x_wconf 92' lang='lat' dir='ltr'>In</span> <span class='ocrx_word' id='word_1_200' title='bbox 697 3690 787 3755; x_wconf 88' lang='lat' dir='ltr'>cuins</span> <span class='ocrx_word' id='word_1_201' title='bbox 811 3692 859 3776; x_wconf 86' lang='lat' dir='ltr'>rej</span> <span class='ocrx_word' id='word_1_202' title='bbox 886 3691 1116 3774; x_wconf 84' lang='lat' dir='ltr'>testimonium,</span> <span class='ocrx_word' id='word_1_203' title='bbox 1142 3686 1334 3772; x_wconf 82' lang='lat' dir='ltr'>sopradicti</span> <span class='ocrx_word' id='word_1_204' title='bbox 1350 3678 1534 3770; x_wconf 84' lang='lat' dir='ltr'>PauljBanj</span> 
     </span>
     <span class='ocr_line' id='line_1_29' title="bbox 424 3787 1534 3881; baseline -0.009 -16"><span class='ocrx_word' id='word_1_205' title='bbox 424 3799 586 3865; x_wconf 83' lang='lat' dir='ltr'>cautelam</span> <span class='ocrx_word' id='word_1_206' title='bbox 611 3818 744 3881; x_wconf 87' lang='lat' dir='ltr'>presens</span> <span class='ocrx_word' id='word_1_207' title='bbox 760 3798 967 3881; x_wconf 86' lang='lat' dir='ltr'>priuilegium</span> <span class='ocrx_word' id='word_1_208' title='bbox 984 3797 1101 3862; x_wconf 88' lang='lat' dir='ltr'>exinde</span> <span class='ocrx_word' id='word_1_209' title='bbox 1116 3797 1197 3881; x_wconf 88' lang='lat' dir='ltr'>fierj‚</span> <span class='ocrx_word' id='word_1_210' title='bbox 1222 3802 1254 3860; x_wconf 88' lang='lat' dir='ltr'>et</span> <span class='ocrx_word' id='word_1_211' title='bbox 1269 3792 1424 3877; x_wconf 88' lang='lat' dir='ltr'>pendentj</span> <span class='ocrx_word' id='word_1_212' title='bbox 1441 3787 1534 3872; x_wconf 79' lang='lat' dir='ltr'>sigillo</span> 
     </span>
     <span class='ocr_line' id='line_1_30' title="bbox 422 3895 1536 3989; baseline -0.013 -15"><span class='ocrx_word' id='word_1_213' title='bbox 422 3907 611 3974; x_wconf 83' lang='lat' dir='ltr'>Maiestatis</span> <span class='ocrx_word' id='word_1_214' title='bbox 628 3902 749 3970; x_wconf 84' lang='lat' dir='ltr'>Nostro</span> <span class='ocrx_word' id='word_1_215' title='bbox 770 3907 925 3989; x_wconf 87' lang='lat' dir='ltr'>jussimus</span> <span class='ocrx_word' id='word_1_216' title='bbox 952 3906 1152 3970; x_wconf 87' lang='lat' dir='ltr'>communiri.</span> <span class='ocrx_word' id='word_1_217' title='bbox 1184 3903 1308 3968; x_wconf 87' lang='lat' dir='ltr'>Datum</span> <span class='ocrx_word' id='word_1_218' title='bbox 1323 3895 1475 3985; x_wconf 81' lang='lat' dir='ltr'>Anagnia</span> <span class='ocrx_word' id='word_1_219' title='bbox 1488 3913 1536 3980; x_wconf 89' lang='lat' dir='ltr'>per</span> 
     </span>
     <span class='ocr_line' id='line_1_31' title="bbox 422 4001 1534 4098; baseline -0.012 -17"><span class='ocrx_word' id='word_1_220' title='bbox 422 4015 691 4081; x_wconf 84' lang='lat' dir='ltr'>Bartholomeum</span> <span class='ocrx_word' id='word_1_221' title='bbox 708 4012 749 4078; x_wconf 91' lang='lat' dir='ltr'>de</span> <span class='ocrx_word' id='word_1_222' title='bbox 766 4011 881 4098; x_wconf 80' lang='lat' dir='ltr'>Capua</span> <span class='ocrx_word' id='word_1_223' title='bbox 897 4011 1034 4079; x_wconf 89' lang='lat' dir='ltr'>militem</span> <span class='ocrx_word' id='word_1_224' title='bbox 1052 4020 1110 4078; x_wconf 90' lang='lat' dir='ltr'>etc.</span> <span class='ocrx_word' id='word_1_225' title='bbox 1128 4010 1182 4077; x_wconf 90' lang='lat' dir='ltr'>die</span> <span class='ocrx_word' id='word_1_226' title='bbox 1197 4009 1316 4080; x_wconf 89' lang='lat' dir='ltr'>XVII.</span> <span class='ocrx_word' id='word_1_227' title='bbox 1325 4009 1445 4075; x_wconf 90' lang='lat' dir='ltr'>mensis</span> <span class='ocrx_word' id='word_1_228' title='bbox 1454 4001 1534 4084; x_wconf 84' lang='lat' dir='ltr'>Junij</span> 
     </span>
     <span class='ocr_line' id='line_1_32' title="bbox 424 4122 737 4195; baseline -0.032 0"><span class='ocrx_word' id='word_1_229' title='bbox 424 4123 525 4195; x_wconf 80' lang='lat' dir='ltr'>Vm.</span> <span class='ocrx_word' id='word_1_230' title='bbox 540 4122 737 4188; x_wconf 88' lang='lat' dir='ltr'>indictionis.</span> 
     </span>
    </p>
   </div>
   <div class='ocr_carea' id='block_1_9' title="bbox 533 4287 1532 4422">
    <p class='ocr_par' dir='ltr' id='par_1_9' title="bbox 533 4287 1532 4422">
     <span class='ocr_line' id='line_1_33' title="bbox 533 4287 1532 4367; baseline -0.012 -11"><span class='ocrx_word' id='word_1_231' title='bbox 533 4305 568 4366; x_wconf 80' lang='grc' dir='ltr'>(Α</span> <span class='ocrx_word' id='word_1_232' title='bbox 585 4304 667 4367; x_wconf 62' lang='lat' dir='ltr'>sung.</span> <span class='ocrx_word' id='word_1_233' title='bbox 683 4303 832 4364; x_wconf 60' lang='lat' dir='ltr'>Annicini«</span> <span class='ocrx_word' id='word_1_234' title='bbox 860 4305 889 4352; x_wconf 77' lang='lat' dir='ltr'>E.</span> <span class='ocrx_word' id='word_1_235' title='bbox 904 4308 947 4352; x_wconf 82' lang='grc'>67.</span> <span class='ocrx_word' id='word_1_236' title='bbox 961 4317 1000 4352; x_wconf 88' lang='lat' dir='ltr'>sz.</span> <span class='ocrx_word' id='word_1_237' title='bbox 1012 4303 1073 4366; x_wconf 79' lang='lat' dir='ltr'>Reg</span> <span class='ocrx_word' id='word_1_238' title='bbox 1085 4300 1182 4356; x_wconf 71' lang='lat' dir='ltr'>Karoli</span> <span class='ocrx_word' id='word_1_239' title='bbox 1195 4301 1231 4349; x_wconf 87' lang='lat'>11.</span> <span class='ocrx_word' id='word_1_240' title='bbox 1245 4299 1303 4349; x_wconf 77' lang='lat' dir='ltr'>not.</span> <span class='ocrx_word' id='word_1_241' title='bbox 1320 4301 1362 4349; x_wconf 82' lang='lat'>52.</span> <span class='ocrx_word' id='word_1_242' title='bbox 1377 4297 1444 4359; x_wconf 83' lang='lat' dir='ltr'>lev.;</span> <span class='ocrx_word' id='word_1_243' title='bbox 1467 4308 1490 4344; x_wconf 89' lang='grc' dir='ltr'>ιι.</span> <span class='ocrx_word' id='word_1_244' title='bbox 1503 4287 1532 4352; x_wconf 74' lang='grc' dir='ltr'>ο.)</span> 
     </span>
     <span class='ocr_line' id='line_1_34' title="bbox 1207 4397 1222 4422; baseline 0 0"><span class='ocrx_word' id='word_1_245' title='bbox 1207 4397 1222 4422; x_wconf 65' lang='lat' dir='ltr'>a</span> 
     </span>
    </p>
   </div>
   <div class='ocr_carea' id='block_1_10' title="bbox 0 0 1595 5236">
    <p class='ocr_par' dir='ltr' id='par_1_10' title="bbox 0 0 1595 5236">
     <span class='ocr_line' id='line_1_35' title="bbox 0 0 1595 5236; baseline 0 0"><span class='ocrx_word' id='word_1_246' title='bbox 0 0 1595 5236; x_wconf 95' lang='lat' dir='ltr'> </span> 
     </span>
    </p>
   </div>
  </div>
 </body>
</html>
