3222 5240
412 371 478 436 966
772 353 1005 438 nrrnonnczmr
1022 373 1190 439 sundran.

518 549 690 616 Predictas
714 556 823 616 autem
849 549 1015 617 dationem
1042 558 1076 617 et
1100 551 1356 635 submissionem,
1381 572 1420 619 ac
1435 551 1529 618 omnia

413 663 446 722 et
473 657 601 740 singula
618 661 651 723 in
668 659 739 741 ipso
751 664 898 724 cotractu
917 664 1070 724 contenta
1091 659 1252 726 discretus
1267 662 1317 724 vir
1333 657 1483 728 Andreas
1497 661 1530 726 de

412 762 530 849 Capite
545 763 698 850 Aggeris,
724 764 883 834 Notarius
900 772 933 832 et
948 767 1058 832 scriba
1071 767 1460 848 Ducatus'Venetiarum,
1474 769 1529 834 siu·

415 873 506 938 dicus
526 876 560 938 et
577 879 772 956 procurator
787 874 967 958 supradicti
982 874 1106 940 domini
1119 873 1232 959 Ducis,
1249 871 1390 941 Consilii
1405 881 1439 940 et
1450 872 1534 942 Gom-

414 981 520 1046 munis
535 977 760 1062 Venetiarum,
775 987 810 1046 vt
825 981 866 1046 de
881 1001 941 1046 sno
957 981 1120 1047 sindicatu
1136 988 1264 1047 constat
1277 983 1409 1066 puplico
1425 983 1533 1047 instru-

416 1095 524 1154 mento
549 1089 637 1155 facto
657 1092 690 1155 in
707 1089 878 1155 millesimo
894 1095 927 1155 et
941 1087 1118 1155 indictione
1133 1090 1299 1174 predictis,
1315 1089 1369 1155 die
1384 1089 1411 1156 J
1411 1093 1477 1156 ovis
1491 1089 1534 1154 de-

416 1197 502 1262 cima
525 1197 664 1280 septima
688 1195 810 1280 prefati
824 1197 944 1263 mensis
961 1195 1173 1280 Septembris,
1188 1204 1221 1263 et
1237 1199 1360 1280 scripto
1376 1218 1474 1263 manu
1488 1198 1536 1263 lti-

417 1303 501 1370 colai
526 1303 741 1370 Passamonte
767 1302 913 1386 Nolani,
937 1325 977 1369 ac
1000 1304 1093 1370 bulla
1117 1304 1271 1389 plumbea
1296 1307 1400 1389 ipsius
1420 1305 1537 1371 domini

417 1407 520 1476 Ducis
536 1411 692 1495 pendenti
717 1413 852 1492 munito,
879 1410 922 1477 ad
942 1413 1004 1478 hcc
1021 1412 1208 1495 specialiter
1224 1414 1443 1494 constitutus;
1460 1414 1537 1478 cuius

423 1517 603 1586 sindicatus
627 1525 721 1584 tenor
735 1517 871 1604 inferius
888 1525 938 1584 est
953 1520 1104 1602 insertus,
1121 1519 1296 1586 sindicario
1312 1526 1345 1585 et
1361 1526 1539 1604 procurato

420 1625 471 1691 rio
485 1627 615 1691 nomine
625 1627 728 1709 ipsius
743 1624 866 1691 domini
881 1625 986 1692 Ducis
1003 1633 1036 1692 et
1052 1624 1242 1693 Communis
1256 1626 1482 1696 venetiarum.
1497 1623 1539 1690 Ao

420 1731 561 1815 predicti
585 1731 780 1798 Dominicus
797 1732 921 1800 Lucari
940 1731 1204 1801 Archidiaconus
1221 1740 1255 1800 et
1270 1734 1432 1802 Nicotaus
1448 1733 1539 1799 Theo·

427 1839 521 1920 dosii,
538 1837 662 1906 Sindici
678 1847 712 1906 et
727 1840 903 1906 sindioario
918 1841 1048 1906 nomine
1064 1839 1229 1924 Ciuitatis,
1245 1838 1440 1923 Comitatus,
1456 1838 1538 1906 Oum-

426 1948 605 2030 munitatis,
616 1945 849 2015 Vniuersitatis
870 1952 903 2012 et
917 1947 1084 2014 hominum
1095 1946 1235 2031 Spalati,
1250 1949 1430 2030 attendere,
1445 1948 1540 2014 obser·

427 2074 509 2118 uere
534 2059 567 2118 et
592 2052 843 2137 adimplesses
868 2074 906 2118 ea
940 2054 1049 2120 omnia
1066 2061 1224 2138 perpetuo
1244 2061 1370 2121 rata'et
1385 2055 1542 2138 gratele-

423 2161 511 2243 bere,
537 2167 571 2225 et
594 2158 684 2225 nullo
709 2180 852 2244 unquam
867 2167 1012 2245 tempore
1028 2161 1139 2245 aliquo
1156 2161 1252 2227 modo
1268 2161 1320 2226 vel
1335 2162 1466 2246 ingenio
1480 2182 1543 2226 con·

423 2266 590 2332 traiecere
606 2267 659 2332 vel
674 2270 783 2332 venire
800 2267 959 2351 solempni
975 2268 1186 2351 stipulatione
1202 2266 1264 2334 sibi
1279 2271 1421 2334 inuicem
1436 2270 1543 2354 promi·

424 2381 546 2454 serunt,
559 2375 619 2442 sub
636 2395 721 2458 pena
736 2381 770 2440 et
783 2377 820 2440 in
835 2396 920 2459 pena
935 2377 1011 2442 hinc
1027 2376 1102 2441 inde
1117 2377 1276 2460 promissa
1292 2377 1405 2443 decem
1420 2377 1545 2443 millium

424 2504 611 2547 marcarum
627 2483 765 2566 argenti,
781 2502 844 2566 que
860 2504 946 2566 pena
961 2486 1086 2551 tociens
1102 2483 1303 2567 comittatur,
1318 2485 1474 2568 quociens
1488 2481 1545 2549 iuc-

424 2590 469 2655 rit
485 2588 741 2672 contrafactum
765 2596 799 2656 et
829 2611 914 2674 pena
939 2590 1047 2658 soluta
1062 2592 1111 2657 vel
1134 2613 1208 2677 non,
1224 2597 1341 2658 exacta
1358 2592 1409 2658 rel
1424 2613 1488 2659 non
1501 2613 1547 2656 es-

426 2703 510 2781 actn,
525 2699 634 2762 omnia
651 2704 685 2764 et
700 2698 832 2782 singula
847 2697 1039 2783 supradicta
1069 2701 1103 2764 in
1135 2721 1194 2766 sua
1224 2705 1439 2783 permaneant
1456 2697 1546 2764 firmi-

424 2810 502 2870 tate.
519 2803 587 2870 Pro
604 2803 722 2888 quibus
739 2805 888 2871 omnibus
913 2804 1129 2886 attendendis,
1154 2804 1376 2890 adimplendis
1394 2812 1428 2872 et
1451 2805 1546 2870 inuio-

425 2910 573 2978 labiliter
589 2912 801 2978 obsersandis
818 2913 965 2996 prefatus
989 2911 1153 2996 Andreas,
1179 2912 1332 2980 Sindicns
1349 2914 1470 2981 domini
1484 2912 1546 2979 Du·

427 3019 476 3086 cis
496 3027 529 3086 et
545 3018 958 3091 CommunisVenetiarum
989 3021 1165 3087 sindicario
1185 3023 1314 3087 nomine
1330 3044 1392 3106 pro
1408 3021 1484 3106 ipsis
1498 3020 1548 3087 do

426 3128 516 3195 mino
532 3128 627 3195 Duce
643 3132 676 3193 et
692 3127 863 3194 Communi
887 3126 1104 3199 Venetiarum
1129 3129 1215 3196 bona
1239 3130 1349 3196 omnia
1366 3129 1548 3196 Communis

427 3237 661 3317 Venetiarum3
678 3242 712 3302 et
736 3236 816 3303 dicti
839 3235 1032 3303 Dominicus
1061 3244 1095 3304 et
1120 3235 1279 3304 Nicolans
1303 3239 1423 3305 sindici
1445 3259 1549 3322 snpra·

427 3342 514 3424 dicti,
528 3340 615 3408 bona
633 3342 742 3408 omnia
759 3340 948 3408 Communis
964 3349 998 3408 et
1013 3342 1181 3410 hominum
1196 3342 1334 3428 Spoleti,
1350 3347 1417 3428 ipsi
1433 3345 1548 3411 sindico

430 3451 552 3518 domini
577 3451 681 3517 Ducis
706 3452 881 3518 sindicario
907 3455 1036 3519 nomine
1060 3475 1120 3537 pro
1146 3453 1275 3520 domino
1299 3453 1394 3519 Duce
1419 3461 1451 3519 et
1466 3452 1551 3520 Gom-

340 3641 342 3644 ·
432 3560 522 3625 muni
548 3557 762 3628 Venetiarum
781 3559 963 3644 recipienti,
978 3559 1114 3644 speciali
1129 3560 1267 3644 pignore
1282 3559 1482 3645 obligarunt,
1496 3581 1551 3645 que

429 3689 463 3731 se
483 3666 723 3732 constituerunt
741 3665 877 3732 invicem
893 3669 1043 3751 precario
1058 3667 1234 3750 possidere,
1250 3669 1299 3732 ita
1313 3675 1350 3732 ut
1365 3690 1444 3752 pars
1459 3674 1551 3735 atten-

430 3775 509 3839 dens
534 3773 683 3858 predicta
701 3774 807 3856 partis
823 3795 888 3839 non
905 3774 1105 3842 attendentis
1121 3775 1207 3841 bona
1224 3781 1258 3842 et
1272 3796 1431 3860 personas
1447 3777 1548 3862 possit,

429 3884 498 3948 sine
523 3881 661 3947 alicuius
675 3881 801 3947 Judicii
817 3883 1041 3966 requisitione,
1057 3904 1117 3949 sua
1132 3885 1268 3968 propria
1283 3885 1483 3951 auctoritate
1497 3905 1553 3951 sas·

430 3990 495 4055 sire
521 3994 554 4055 et
579 3988 726 4055 detinere
752 3993 786 4052 et
824 3993 972 4056 arestare
997 4012 1057 4075 pro
1083 4012 1177 4074 pena,
1198 3990 1336 4074 damnis,
1352 3992 1548 4058 interesseet

431 4099 582 4180 expensis
608 4103 641 4162 et
660 4095 882 4162 satisfactione
896 4097 1047 4180 plenaria
1063 4098 1205 4164 omnium
1220 4098 1475 4182 premissorum
1489 4119 1552 4184 pro

430 4205 597 4272 mittentes
622 4204 709 4269 dicte
732 4209 845 4286 partes
869 4207 1009 4271 inuicem
1028 4203 1178 4276 Venetiis
1197 4213 1230 4271 et
1245 4203 1376 4289 Spalati
1393 4213 1427 4272 et
1441 4207 1550 4290 ubique

431 4308 575 4378 locorum
600 4313 737 4392 soluere,
763 4334 802 4378 ac
827 4316 1053 4380 renuntiantes
1079 4313 1241 4398 expetioni
1266 4313 1334 4379 doli
1369 4315 1450 4381 mali
1472 4321 1503 4379 et
1524 4314 1549 4377 in

430 4417 563 4502 factum,
574 4420 769 4505 deceptioni,
785 4420 992 4506 simulationi,
1007 4421 1165 4488 beneficio
1181 4420 1399 4488 restitutionis
1415 4423 1449 4488 in
1464 4423 1543 4503 integ

431 4527 640 4612 rum,litteris
658 4528 842 4616 impetratis
857 4532 891 4595 et
906 4529 1119 4618 impetrandis
1135 4530 1169 4596 in
1184 4528 1276 4598 feriis
1291 4535 1325 4596 et
1341 4529 1550 4607 dilationibus,
