3222 5240
432 358 495 421 278
780 370 1014 420 nmcouuomar
1031 363 1199 422 nuutnsu.

431 536 575 598 tutorum
586 531 773 598 Communis
783 532 817 598 N
819 555 898 614 one3
916 534 992 600 etsi
1010 541 1134 601 statuta
1151 535 1227 600 inde
1243 558 1306 602 non
1317 541 1434 615 essent,
1449 555 1539 599 secun-

432 639 507 704 dum
524 640 593 704 eius
608 641 725 706 bonam
742 643 975 707 conscienciam
992 641 1111 708 debeat
1126 643 1265 710 indictis
1276 643 1372 710 factis
1383 644 1538 728 procedere
1597 655 1599 658 ’

431 755 464 812 ct
480 748 665 813 terminare.
689 749 847 814 Preterea
863 748 985 814 habeat
1002 755 1034 814 et
1051 749 1171 817 habere
1187 751 1308 815 debeat
1324 750 1429 815 dictus
1441 748 1538 816 Comes

431 855 534 920 libras
550 853 603 922 VI
618 853 819 922 Venetorum
845 877 1020 939 paruorum
1036 857 1076 922 de
1094 856 1213 922 salario
1230 857 1376 940 quolibet
1392 877 1483 938 anno,
1504 879 1541 922 re·
1598 903 1599 906 κ

432 962 583 1047 cipiendo
599 961 796 1028 solucionem
813 963 847 1028 in
859 963 1356 1048 Venetisgrossisadracionem
1367 964 1541 1030 dedecoris
1597 1019 1599 1030 Α

432 1071 570 1138 Venetis
586 1069 697 1152 paruis
713 1067 870 1134 XXXII
886 1092 946 1152 pro
964 1071 1109 1154 quolibet
1124 1094 1248 1155 grosso,
1264 1072 1416 1139 videlicet
1431 1073 1470 1138 de
1484 1095 1542 1156 pre·
1598 1053 1599 1056 Ἴ

434 1181 482 1246 cio
500 1199 556 1243 seu
573 1175 685 1242 affictu
696 1178 808 1242 Insule
820 1177 889 1244 Vre
901 1176 1056 1244 Ciuitatis
1068 1179 1172 1261 Nous,
1189 1181 1239 1246 νε]
1250 1183 1290 1248 ab
1302 1184 1374 1265 ipso
1385 1179 1540 1246 Communi

433 1285 541 1370 Nono,
569 1289 602 1348 et
627 1282 728 1348 nichil
753 1283 843 1349 aliud
869 1283 990 1350 habere
1016 1289 1118 1368 possit
1134 1288 1203 1371 ipse
1220 1285 1347 1368 Comes,
1375 1289 1433 1353 sed
1448 1307 1541 1352 omues

433 1393 580 1460 redditus
597 1397 630 1456 et
644 1390 799 1454 introitus
810 1389 997 1456 Communis
1012 1395 1116 1474 Nous,
1132 1417 1171 1460 cc
1186 1395 1437 1478 iurisdictiones,
1451 1396 1542 1461 banna

434 1509 467 1568 et
483 1500 687 1566 condiciones
703 1499 879 1564 deueniant
895 1501 929 1562 in
945 1499 1069 1564 dictum
1080 1499 1257 1568 Commune
1268 1500 1374 1582 None,
1391 1509 1425 1568 et
1440 1503 1541 1568 debeat

433 1611 541 1675 dictus
552 1605 668 1674 Comes
684 1607 731 1670 ire
749 1611 782 1671 et
799 1605 907 1670 redire
922 1605 966 1670 ad
981 1607 1088 1688 ipsum
1104 1609 1249 1692 regimen
1266 1609 1414 1675 omuibus
1430 1611 1491 1675 suis
1500 1631 1542 1673 ex·

433 1718 560 1802 pensis3
593 1720 626 1779 et
650 1717 802 1779 teneatur
827 1715 894 1796 ipse
920 1709 1037 1777 Comes
1063 1733 1172 1777 secum
1197 1715 1315 1781 habere
1341 1724 1374 1782 et
1401 1716 1542 1782 tenerein
1598 1695 1599 1734 ³

433 1823 522 1889 dicto
539 1823 693 1906 regimine
711 1821 860 1886 omnibus
877 1822 943 1885 suis
962 1821 1108 1904 expensis
1125 1841 1222 1886 vnum
1238 1823 1359 1886 socium
1375 1830 1409 1888 et
1422 1827 1543 1906 quatuor
1598 1839 1599 1918 ν

435 1933 628 2009 seruitores3
662 1935 695 1993 et
720 1929 747 1992 si
771 1934 875 1993 staret
899 1928 972 2012 plus
989 1929 1039 1994 νε]
1054 1931 1159 1993 minus
1175 1929 1336 1994 dictorum
1352 1930 1485 1996 duorum
1498 1951 1542 1994 sn·
1597 1925 1599 2004 Ι

435 2061 559 2118 norum,
586 2038 724 2121 recipiat
749 2037 903 2102 salarium
919 2057 979 2118 pro
995 2043 1076 2102 rata.
1116 2036 1201 2100 Item
1217 2035 1306 2117 quod
1321 2037 1429 2103 dictus
1444 2037 1541 2104 Comes

435 2148 542 2229 Nous,
566 2167 627 2230 pro
655 2145 741 2210 omni
761 2143 859 2211 dubio
877 2143 1030 2209 enitendo
1047 2149 1079 2208 et
1096 2143 1249 2208 scandalo
1266 2144 1468 2228 remoueudo,
1488 2165 1540 2208 non
1598 2131 1599 2170 ³

436 2257 541 2340 possit
567 2274 636 2319 esse
657 2255 700 2318 ad
716 2253 849 2337 aliquod
865 2253 1048 2318 conuiuium
1065 2254 1201 2317 alicuius
1218 2252 1298 2317 ciuis
1314 2250 1409 2316 Nono
1424 2255 1456 2316 in
1470 2251 1540 2315 dicta

437 2371 527 2429 terra
536 2361 570 2427 N
572 2383 641 2442 oue,
657 2383 716 2426 nec
732 2362 835 2444 possit
851 2361 978 2444 aliquos
995 2361 1035 2425 de
1045 2359 1143 2424 Nona
1161 2360 1338 2438 connitere,
1356 2358 1540 2424 clamareseu

437 2470 573 2535 clamari
588 2468 696 2534 fecere
713 2468 755 2534 cd
771 2468 1003 2533 comedendum
1019 2489 1126 2533 secum
1143 2470 1176 2531 in
1193 2468 1326 2532 ciuitate
1343 2466 1492 2550 predicta
1505 2462 1541 2526 Et
1597 2481 1599 2498 ⁴

436 2599 501 2643 uon
527 2577 631 2660 possit
655 2599 714 2660 per
739 2597 772 2641 se
789 2576 837 2641 νε]
854 2576 935 2641 alios
952 2579 1020 2659 ipse
1037 2597 1093 2641 seu
1111 2576 1230 2659 aliquis
1247 2575 1287 2641 de
1302 2574 1428 2640 familia
1444 2594 1496 2638 sua
1509 2569 1542 2636 ab
1597 2543 1599 2624 l

438 2685 548 2768 aliquo
566 2685 636 2748 ciue
653 2684 703 2748 νε]
719 2685 908 2749 habitatore
918 2682 952 2748 N
954 2705 1015 2749 one
1032 2683 1119 2749 dona
1136 2683 1248 2767 aliqua
1263 2682 1315 2748 νε]
1330 2687 1490 2764 presentes
1503 2698 1541 2742 rc·

438 2793 544 2875 cipere
570 2791 679 2874 aliquo
707 2791 802 2855 modo
826 2791 876 2858 νε]
892 2793 1030 2875 ingenio,
1047 2791 1108 2855 nisi
1124 2811 1203 2854 ruas
1219 2796 1251 2854 et
1265 2788 1392 2854 fructus
1407 2791 1542 2852 recentes.

437 2901 483 2967 Et
508 2901 642 2982 insuper
666 2920 731 2962 nou
755 2899 861 2981 possit
885 2919 943 2963 nec
959 2898 1076 2964 debeat
1092 2918 1151 2980 per
1168 2919 1202 2962 se
1217 2897 1271 2961 uel
1286 2895 1369 2960 alios
1384 2896 1486 2961 facere
1500 2915 1544 2958 seu
1595 2845 1599 2960 i

437 3007 507 3073 fieri
532 3006 640 3072 facere
665 3009 890 3090 mercationes
916 3027 1021 3088 neque
1046 3007 1080 3069 iu
1105 3003 1360 3070 mercationibus
1386 3005 1430 3068 vti
1449 3001 1493 3068 νε]
1508 2998 1543 3063 rti

436 3115 543 3180 facere
571 3114 610 3179 de
636 3114 702 3178 suis
721 3114 865 3179 denariis
881 3136 939 3197 per
956 3135 990 3178 se
1006 3112 1056 3178 νε]
1073 3112 1154 3177 alios
1172 3112 1281 3196 aliquo
1298 3112 1395 3178 modo
1412 3112 1458 3176 νε]
1472 3111 1543 3191 inge·

437 3225 502 3305 nio,
521 3222 624 3286 donec
640 3220 739 3287 fuerit
754 3222 788 3286 in
804 3223 962 3306 regimine
979 3220 1168 3305 supradicto
1184 3221 1218 3285 in
1234 3219 1383 3304 partibus
1398 3215 1545 3303 regiminis
1597 3267 1599 3302 1

437 3329 626 3413 supradicti.
642 3331 728 3394 Item
745 3330 832 3413 quod
847 3330 994 3395 homines
1012 3328 1107 3394 Noue
1123 3328 1247 3412 possint
1261 3329 1330 3393 sine
1347 3329 1441 3394 dacio
1457 3331 1547 3392 extra·
1596 3305 1599 3390 l

436 3441 515 3506 here
532 3438 571 3503 de
582 3438 734 3506 Veueciis
745 3438 918 3520 lignamen,
933 3436 1059 3520 lapides
1071 3443 1178 3502 coctos
1189 3442 1222 3501 et
1238 3458 1359 3520 coppos
1375 3457 1435 3520 pro
1451 3453 1545 3500 corun
1596 3403 1599 3496 l

437 3548 586 3612 domibus
612 3553 645 3611 et
669 3545 850 3611 conducere
865 3544 1013 3624 Nonam;
1042 3545 1215 3610 dummodo
1240 3544 1297 3627 illi,
1323 3546 1380 3628 qui
1395 3544 1499 3610 volent
1513 3539 1545 3603 de

437 3654 593 3739 predictis
619 3653 716 3718 rebus
742 3651 931 3733 conducere,
957 3657 1146 3736 presentent
1169 3651 1298 3717 litteras
1322 3651 1443 3717 Ducali
1466 3649 1548 3715 Gnrie
1597 3655 1599 3702 ὲ

437 3763 552 3828 missas
569 3783 589 3828 a
606 3781 663 3827 suo
681 3756 817 3839 Comite,
844 3765 875 3825 et
895 3759 1056 3844 sigillatas
1073 3759 1182 3842 sigillo
1200 3757 1339 3824 Comitis
1355 3759 1460 3842 None,
1483 3775 1548 3841 qno·
1597 3703 1599 3788 l

347 3859 349 3865 ’
438 3868 534 3934 modo
551 3891 611 3950 res,
629 3889 710 3952 quas
727 3869 904 3953 requirent,
921 3869 987 3932 sint
1004 3869 1050 3932 eis
1066 3868 1247 3933 necessarie
1264 3889 1324 3952 pro
1335 3867 1444 3934 usibus
1455 3867 1549 3932 suiset

437 3998 570 4042 suorum
586 3974 765 4041 domorum.
782 3973 952 4040 Predictas
968 3981 1077 4039 autem
1087 3974 1255 4040 dacionem
1266 3979 1300 4039 et
1309 3976 1548 4046 submissionem

436 4107 475 4150 sc
501 4085 609 4149 omnia
634 4091 666 4148 et
691 4081 818 4167 singula
843 4083 877 4146 in
892 4083 1035 4166 presenti
1053 4087 1221 4148 contractu
1238 4087 1393 4148 contenta
1409 4084 1548 4149 discretus
1597 4055 1599 4188 l

435 4193 485 4258 vir
500 4191 658 4258 Nicolaus
685 4191 724 4255 de
741 4190 899 4278 Marsilio,
927 4190 1087 4256 Notarius
1114 4197 1147 4256 et
1171 4190 1278 4256 scriba
1293 4188 1444 4257 Ducatus
1460 4189 1547 4258 Vere

435 4301 567 4380 ciarum,
584 4299 727 4364 sindicus
744 4304 777 4364 et
786 4305 980 4382 procurator
991 4298 1171 4383 supradicti
1184 4298 1303 4362 domici
1315 4299 1419 4366 Ducis
1431 4306 1456 4362 et
1469 4295 1547 4361 Com-

432 4409 538 4474 munis
549 4409 778 4491 veneciarum,
795 4413 829 4472 vt
845 4408 884 4474 de
900 4429 958 4473 suo
976 4407 1138 4474 sindioatu
1154 4412 1283 4473 constat
1299 4407 1430 4490 publico
1447 4409 1546 4470 instru-

433 4522 542 4581 mento
559 4502 694 4584 facto'in
710 4516 881 4584 millesimo
899 4523 931 4584 et
947 4516 1125 4584 indictione
1141 4515 1305 4600 predictis,
1333 4515 1385 4580 die
1405 4511 1544 4579 dominico
