3244 5236
691 304 924 354 rnenouaozrar
943 295 1109 352 aurianam

866 585 938 644 389.

339 743 536 806 Aoclenczei
560 745 836 832 kernednytcndes
854 745 988 830 Nelipca
1013 745 1146 830 prdfboz
1171 745 1287 809 kdoctet
1313 744 1404 824 told,
1427 744 1469 808 ki

339 875 378 916 oz
389 853 504 916 antruk
516 855 608 938 ne‘pei
616 854 700 918 dltal
711 879 731 918 α
743 855 896 919 sedenicoi
911 855 1093 919 kerttletden
1110 855 1220 939 vdpbez
1238 853 1296 917 niet
1307 852 1469 937 poaztitci-

613 962 719 1026 aokdrt
733 963 882 1047 ele'qte'telt
898 962 1078 1048 teneretjen.
1098 962 1192 1026 1341.

430 1137 528 1204 Anno
546 1140 678 1206 Domini
695 1121 919 1207 Mcdcxnl.
935 1141 987 1205 die
1003 1141 1070 1207 XI.
1080 1139 1289 1224 Septembris.
1305 1137 1469 1221 Capta:

340 1244 441 1326 Visis,
466 1248 588 1314 auditis
614 1255 648 1312 et
674 1248 851 1332 diligenter
877 1248 1052 1316 intellectis
1077 1250 1197 1315 litteris
1222 1246 1370 1328 Comitis,
1384 1244 1468 1312 Vni·

338 1355 507 1420 uersitatis
524 1362 555 1420 et
582 1356 746 1422 bominum
763 1355 907 1423 Sibenioi
925 1359 964 1424 de
979 1359 1067 1426 sacto
1083 1357 1302 1425 derobationis
1318 1377 1375 1440 per
1390 1377 1469 1440 gen-

341 1470 406 1528 tem
423 1471 455 1528 et
471 1464 616 1529 homines
634 1461 772 1530 Comitis
788 1465 931 1550 Nelipeii
958 1468 990 1532 iu
1015 1469 1096 1532 locis
1113 1487 1209 1549 quam
1226 1466 1374 1549 pluribus
1390 1461 1468 1528 Dis-

338 1572 455 1636 trictus
471 1573 556 1638 dicte
572 1579 668 1652 terre
695 1581 727 1639 et
749 1575 873 1659 pluries
892 1576 1067 1641 enormiter
1086 1581 1280 1658 perpetrate,
1297 1573 1469 1655 agentibus

339 1681 525 1764 specialiter
550 1685 763 1764 mentionem;
797 1683 969 1750 consulunt
986 1685 1158 1768 sapientes,
1183 1690 1215 1747 et
1230 1683 1276 1748 sic
1292 1687 1391 1764 capta
1404 1679 1469 1744 luit

339 1809 424 1870 pars,
440 1796 476 1853 vt
492 1788 534 1854 ad
551 1791 819 1873 satisfactionem,
835 1791 1005 1858 emendam
1021 1799 1055 1857 et
1063 1793 1305 1858 restitutionem
1319 1788 1468 1872 optinen-

264 1891 279 1909 “
339 1897 415 1962 dam
433 1898 576 1963 omnium
593 1898 778 1965 ablatorum
794 1923 853 1984 per
870 1903 992 1966 dictam
1008 1907 1139 1984 gentem
1155 1907 1188 1965 et
1205 1899 1352 1965 homines
1363 1897 1405 1961 ad
1414 1918 1470 1979 pe·

338 2004 485 2070 titionem
498 2013 531 2070 et
547 2007 738 2072 instantiam
755 2009 832 2073 dicti
849 2007 990 2074 Comitis
1006 2008 1150 2090 Nelipcii
1167 2006 1286 2072 nullius
1303 2026 1399 2071 cause
1414 2024 1469 2066 ar-

344 2119 499 2196 gumento
515 2115 653 2180 iuridico
669 2117 871 2199 precedente,
887 2127 920 2182 vt
931 2117 1063 2182 honoris
1074 2113 1367 2182 DucalisDominii
1381 2111 1471 2176 sama

340 2223 496 2304 exposcit,
512 2223 591 2288 dicti
608 2225 712 2288 nostri
730 2223 844 2288 fideles
861 2225 992 2290 valeant
1009 2225 1223 2290 effectualiter
1239 2222 1409 2298 deuenir‘e3
1432 2225 1470 2282 et

340 2333 375 2392 vt
391 2331 500 2394 animo
517 2330 596 2396 dicti
608 2327 746 2396 Comitis
756 2330 909 2416 Nelipoii,
924 2336 990 2418 qui,
1007 2341 1105 2416 prout
1120 2330 1326 2415 experiencia
1342 2326 1469 2410 liquido

340 2435 593 2516 demonstratur,
625 2439 745 2504 malam
776 2441 977 2506 voluntatem
1012 2445 1046 2504 et
1069 2439 1276 2506 indemnitati
1309 2436 1469 2501 dictorum

337 2551 524 2609 nostrorum
540 2545 685 2611 fidelium
698 2549 927 2613 aduersantem
937 2550 1138 2633 dignoscitur
1156 2545 1337 2626 conlouere,
1353 2542 1463 2624 aquie-

339 2652 448 2718 scendi
476 2659 509 2719 et
535 2654 713 2720 desistendi
739 2657 778 2722 de
803 2662 911 2722 cetero
929 2657 970 2722 ab
988 2659 1075 2722 omui
1091 2655 1252 2735 molestia,
1277 2652 1468 2738 grauamine

339 2766 369 2824 et
387 2759 504 2826 damno
521 2763 666 2846 ipsorum
683 2771 871 2830 nostrorum
888 2765 1030 2830 fidelium
1047 2767 1174 2831 occasio
1190 2763 1416 2846 impendatur;
1431 2765 1467 2823 et

339 2869 416 2950 quia
431 2869 559 2935 videtur
576 2871 655 2955 ipsis
671 2873 880 2956 sapientibus
907 2873 992 2956 quod
1009 2875 1111 2956 ipsius
1127 2871 1353 2937 derobaeionis
1371 2889 1470 2934 cansa

339 2975 486 3058 prirueua
511 2980 552 3045 ab
577 2981 692 3045 vnione
719 2989 750 3044 et
766 2981 834 3064 liga
849 2981 932 3046 inita
948 2981 1034 3046 inter
1051 2983 1138 3062 ipsos
1153 2986 1285 3044 nostros
1301 2977 1410 3043 fideles
1427 2973 1468 3038 de

339 3081 489 3150 Sibenico
516 3094 549 3151 et
575 3087 721 3154 Comites
747 3088 944 3154 decuriam
970 3086 1196 3170 principaliter
1223 3080 1472 3160 condescendat,

340 3212 437 3275 quam
464 3195 533 3278 ipse
550 3192 667 3260 Comes
684 3194 862 3279 Nelipcius‚
889 3201 1084 3280 suggerente
1101 3195 1254 3260 Lucifero
1271 3214 1329 3257 seu
1345 3191 1469 3255 inuidie

337 3299 477 3379 acculeo‚
494 3307 526 3365 et
542 3302 639 3366 etiam
656 3323 717 3385 pro
734 3303 900 3369 discordia
917 3304 1105 3369 seminanda
1121 3304 1212 3387 eupit
1229 3301 1362 3368 summis
1373 3297 1471 3365 affec·

338 3405 427 3468 tibus
443 3407 577 3471 violari:
604 3405 698 3491 Quod
716 3412 869 3476 mittatur
885 3433 966 3475 vnus
983 3409 1191 3476 Ambaxator
1208 3409 1251 3474 ad
1268 3411 1391 3474 dictum
1407 3405 1471 3471 Co-

340 3511 450 3576 mitem
466 3512 661 3598 Nelipcium,
686 3520 743 3602 qui
760 3520 912 3603 primitus
937 3521 1052 3587 habito
1079 3521 1244 3601 colloquio
1261 3540 1334 3583 cunr
1351 3515 1474 3580 nostris

338 3617 522 3688 Comitibus
535 3623 681 3706 Sibinici,
698 3625 856 3710 Tragurii
874 3634 906 3692 et
917 3625 1056 3711 Spalati,
1072 3635 1104 3692 et
1121 3628 1162 3694 ab
1180 3627 1302 3691 eisdem
1319 3624 1474 3689 informa-

336 3729 424 3794 tione
450 3741 603 3816 succepta
629 3755 726 3817 super
742 3734 830 3799 facto
847 3735 1072 3801 derobationis
1088 3737 1153 3801 iam
1173 3734 1269 3813 dicte,
1288 3732 1407 3798 debeat
1423 3729 1467 3794 ad

335 3839 457 3905 dictum
476 3837 637 3906 Comitem
653 3840 841 3926 Nelipcium
855 3865 1046 3927 properare,
1073 3846 1160 3928 aprrd
1179 3867 1277 3927 quem
1292 3863 1365 3909 cum
1382 3839 1477 3922 paci·

336 3949 397 4013 fico
423 3951 532 4014 animo
549 3955 582 4014 et
598 3950 717 4034 quiete,
742 3949 912 4034 verbisque
929 3952 1091 4018 benevolis
1106 3958 1140 4018 et
1154 3953 1352 4019 amabilibus
1369 3955 1463 4018 insis-

334 4063 402 4121 tere
428 4062 461 4119 et
486 4078 664 4139 procurare
691 4057 810 4122 debeat
836 4079 908 4124 cum
926 4059 1043 4126 effectu
1060 4083 1118 4144 per
1134 4061 1227 4126 illum
1243 4061 1384 4143 modum,
1411 4061 1468 4143 qui

339 4163 401 4229 sibi
413 4163 610 4230 commodius
629 4170 661 4229 et
677 4164 873 4230 conformius
889 4188 949 4249 pro
967 4167 1089 4234 honore
1106 4175 1220 4234 nostro
1238 4178 1270 4235 et
1288 4168 1373 4235 bono
1389 4168 1469 4234 fide·

334 4272 414 4337 lium
433 4281 622 4340 nostrorum
640 4273 924 4341 damnificatorum
940 4277 1102 4343 videbitur
1118 4278 1268 4361 expedire
1283 4304 1290 4358 ;
1307 4276 1395 4361 quod
1413 4277 1479 4344 sibi

344 4380 476 4464 placeat
491 4381 707 4448 effectualiter
723 4383 889 4464 ordinare,
905 4384 992 4467 quod
1009 4385 1128 4450 damna
1146 4393 1178 4452 et
1195 4387 1389 4470 grauamina
1406 4388 1476 4453 die-

352 4489 395 4554 tis
412 4491 530 4555 nostris
548 4490 698 4557 fidelibus
715 4491 859 4557 indebite
876 4498 910 4557 et
926 4499 1040 4560 contra
1051 4493 1157 4560 Deum
1168 4503 1199 4559 et
1215 4495 1379 4560 iusticiam
1395 4497 1484 4562 irro-
