3222 5240
649 327 742 391 1330.
1191 331 1255 392 283
1330 279 1332 288 v

129 503 245 570 Polani
277 503 418 569 concinis
448 511 563 586 vester,
589 507 622 569 in
648 524 703 570 cre
728 504 819 570 euius
835 502 1001 586 posuimus
1017 501 1116 571 verba
1132 513 1254 590 nostra,

128 610 252 696 plenius
268 611 359 677 vobis
376 615 507 678 oraculo
540 611 725 698 explicabit.
757 609 880 678 Datum
912 611 1018 696 primo
1050 613 1102 678 die
1132 615 1254 680 mensis

128 717 243 798 Medii,
259 717 365 785 XIII.
381 719 566 786 indictione.

235 899 272 959 (Α
287 899 388 964 »Copia
400 900 434 949 de
453 899 691 952 Commemorlalic
706 901 796 951 czimtl
808 900 949 952 velenensi
961 899 1190 964 Illamlnttnyvbol
1200 900 1253 949 111.

129 987 183 1037 nst.
203 992 227 1036 1.
238 999 261 1037 r.
276 990 335 1037 1⁶7.
352 988 414 1050 lev„
428 1003 445 1038 a
464 989 540 1043 bessi
553 1003 589 1040 cs.
604 989 690 1039 titkos
702 989 895 1055 lsvtltstrban.)

612 1166 770 1175 ——.-.

658 1402 730 1464 294.

126 1561 243 1626 Robert
270 1561 397 1646 Ka'roly
429 1583 567 1648 mapyar
593 1560 774 1648 kirtlynale
800 1561 904 1627 lelloete
928 1559 1122 1628 Sicilidbao.
1155 1565 1252 1628 1330.

236 1737 431 1804 Mandatum
447 1737 615 1803 solutionis
631 1758 844 1820 expensarum
861 1747 894 1805 et
908 1740 1073 1824 gaziorum
1088 1738 1253 1806 Iohannis

127 1846 168 1911 ds
184 1843 314 1912 Amano
339 1845 417 1909 ituri
442 1866 481 1909 ac
510 1843 679 1910 Illustrem
703 1843 830 1928 Regem
847 1845 1003 1930 Vngarie,
1019 1854 1052 1912 et
1067 1845 1101 1912 N
1103 1846 1198 1914 icolai
1214 1846 1254 1911 de

126 1952 225 2019 Senis
241 1951 362 2032 militis,
379 1952 499 2036 Nuncij
517 1959 550 2018 et
574 1951 743 2019 familiaris
765 1951 911 2020 ‘eiusdem
926 1955 1028 2037 Regis
1043 1951 1188 2037 Vngarie
1205 1973 1254 2018 re·

126 2061 229 2129 dituri
256 2061 298 2126 ad
324 2058 472 2126 eundem.
497 2057 745 2126 MOOCXXX.
771 2060 824 2126 die
849 2060 949 2130 XIV.
981 2060 1063 2145 Maij
1082 2059 1188 2127 XIII.
1205 2061 1253 2125 in·

126 2169 292 2234 dictionis.

237 2329 289 2390 (Aa
303 2343 329 2378 u.
343 2347 369 2380 n.
385 2329 494 2380 »Arche
507 2329 580 2379 della
592 2331 680 2395 Regia
693 2330 793 2379 Zeeca«
809 2333 851 2381 35.
862 2327 1012 2396 ktitcgdbtll
1026 2333 1103 2380 2685.
1117 2330 1201 2390 natm,
1217 2343 1251 2378 az

126 2421 205 2472 olasz
217 2419 269 2468 kir.
284 2421 394 2471 Grande
406 2419 597 2470 Archiviobsn
611 2420 795 2486 tholyban.)

124 2997 243 3062 Robert
260 2995 384 3059 sicilici
400 2994 513 3079 kirtly
541 3017 561 3056 a
579 2994 682 3057 ktoete
708 2992 798 3057 ledat
824 2994 993 3056 tannsitott
1020 2992 1255 3078 tioztelptse'aele

124 3103 349 3167 viswnzmaot
368 3101 487 3166 Lesina
505 3102 537 3165 ts
554 3101 682 3164 Brazzn
699 3099 861 3186 szt‘qeteleet
877 3099 1255 3186 bizoayoslcedoeamtay·

518 3210 575 3304 bea
592 3208 744 3273 recessim.
764 3209 857 3272 1330.

236 3367 292 3434 Ad
306 3369 460 3453 supplicis
476 3368 642 3452 petitionis
659 3367 851 3432 instantiam
867 3365 1060 3432 venerabilis
1076 3366 1110 3430 in
1119 3365 1253 3432 Christo

124 3478 234 3563 patris
251 3473 293 3540 A.
308 3476 373 3541 Dei
388 3476 497 3558 gratia
512 3474 678 3558 Episcopi,
694 3475 833 3539 nuncius
850 3495 907 3539 seu
924 3480 1118 3557 proeurator
1129 3472 1254 3540 Jolian·

124 3589 178 3650 nis
195 3583 361 3650 Loredani
384 3581 566 3649 Potestatis
592 3580 778 3646 Insularnm
813 3582 920 3646 Ferre
947 3588 980 3648 et
1005 3582 1155 3662 Brachia,
1173 3583 1251 3664 quia

123 3694 233 3760 eidem
257 3692 422 3774 Episcopo
448 3697 483 3756 et
507 3691 575 3756 eius
601 3690 697 3773 socijs
722 3689 862 3756 honores
889 3695 922 3754 et
947 3686 1075 3754 fauores
1090 3687 1251 3771 plurimos

122 3824 186 3886 per
203 3799 350 3864 diuersas
376 3799 461 3862 vices
487 3796 654 3882 impendit,
680 3797 847 3862 licentiam
872 3796 972 3862 habet
997 3793 1190 3861 extrahendi
1216 3793 1255 3860 de

122 3907 290 3994 portubus
301 3903 421 3989 Apulie
433 3906 524 3972 ordei
535 3906 654 3971 salmas
665 3905 754 3971 mille
766 3899 1254 3988 quingentaefflcocxxx.)

236 4087 287 4148 (Aa
302 4101 326 4136 u.
344 4102 369 4136 u,
386 4086 495 4137 »Arche
508 4085 582 4136 della
595 4087 682 4150 Regia
697 4086 804 4135 mecha«
821 4088 863 4135 35,
877 4085 905 4134 k.
922 4086 998 4132 2733.
1013 4097 1050 4131 sz.
1061 4095 1087 4132 u.
1102 4079 1138 4144 ο.)
