<?xml version="1.0" encoding="UTF-8"?>
<!DOCTYPE html PUBLIC "-//W3C//DTD XHTML 1.0 Transitional//EN"
    "http://www.w3.org/TR/xhtml1/DTD/xhtml1-transitional.dtd">
<html xmlns="http://www.w3.org/1999/xhtml" xml:lang="en" lang="en">
 <head>
  <title>
</title>
<meta http-equiv="Content-Type" content="text/html;charset=utf-8" />
  <meta name='ocr-system' content='tesseract 3.04.00' />
  <meta name='ocr-capabilities' content='ocr_page ocr_carea ocr_par ocr_line ocrx_word'/>
</head>
<body>
  <div class='ocr_page' id='page_1' title='image "./magyardiplomacz02wenzgoog_0364.png"; bbox 0 0 3222 5240; ppageno 0'>
   <div class='ocr_carea' id='block_1_1' title="bbox 713 331 1131 388">
    <p class='ocr_par' dir='ltr' id='par_1_1' title="bbox 713 331 1131 388">
     <span class='ocr_line' id='line_1_1' title="bbox 713 331 1131 388; baseline -0.002 -2"><span class='ocrx_word' id='word_1_1' title='bbox 713 343 946 388; x_wconf 78' lang='lat' dir='ltr'><strong>nrraonncmar</strong></span> <span class='ocrx_word' id='word_1_2' title='bbox 963 331 1131 388; x_wconf 72' lang='lat' dir='ltr'><strong>sundran.</strong></span> 
     </span>
    </p>
   </div>
   <div class='ocr_carea' id='block_1_2' title="bbox 413 613 1451 860">
    <p class='ocr_par' dir='ltr' id='par_1_2' title="bbox 413 613 1451 860">
     <span class='ocr_line' id='line_1_2' title="bbox 889 613 963 676; baseline -0.014 -2"><span class='ocrx_word' id='word_1_3' title='bbox 889 613 963 676; x_wconf 86' lang='lat'><strong>334.</strong></span> 
     </span>
     <span class='ocr_line' id='line_1_3' title="bbox 413 774 1451 860; baseline -0.005 -18"><span class='ocrx_word' id='word_1_4' title='bbox 413 777 526 842; x_wconf 79' lang='lat' dir='ltr'><strong>Eodre</strong></span> <span class='ocrx_word' id='word_1_5' title='bbox 543 775 709 840; x_wconf 78' lang='lat' dir='ltr'><strong>calabrici</strong></span> <span class='ocrx_word' id='word_1_6' title='bbox 733 775 924 860; x_wconf 75' lang='lat' dir='ltr'><strong>berczepnck</strong></span> <span class='ocrx_word' id='word_1_7' title='bbox 955 774 1451 840; x_wconf 72' lang='lat' dir='ltr'><strong>odoarcarcora.1334-1335.</strong></span> 
     </span>
    </p>
   </div>
   <div class='ocr_carea' id='block_1_3' title="bbox 369 947 1495 1250">
    <p class='ocr_par' dir='ltr' id='par_1_3' title="bbox 369 947 1495 1250">
     <span class='ocr_line' id='line_1_4' title="bbox 392 947 1494 1034; baseline -0.005 -16"><span class='ocrx_word' id='word_1_8' title='bbox 392 979 394 982; x_wconf 94' lang='lat'>·</span> <span class='ocrx_word' id='word_1_9' title='bbox 475 953 562 1018; x_wconf 94' lang='lat' dir='ltr'><strong>Pro</strong></span> <span class='ocrx_word' id='word_1_10' title='bbox 585 949 902 1016; x_wconf 82' lang='lat' dir='ltr'><strong>familiaribus</strong></span> <span class='ocrx_word' id='word_1_11' title='bbox 935 950 1131 1034; x_wconf 90' lang='lat' dir='ltr'><strong>hospitii</strong></span> <span class='ocrx_word' id='word_1_12' title='bbox 1163 949 1331 1016; x_wconf 88' lang='lat' dir='ltr'><strong>domini</strong></span> <span class='ocrx_word' id='word_1_13' title='bbox 1356 947 1494 1013; x_wconf 83' lang='lat' dir='ltr'><strong>Ducis</strong></span> 
     </span>
     <span class='ocr_line' id='line_1_5' title="bbox 369 1059 593 1126; baseline -0.018 0"><span class='ocrx_word' id='word_1_14' title='bbox 369 1059 593 1126; x_wconf 77' lang='lat' dir='ltr'><strong>Calabria</strong></span> 
     </span>
     <span class='ocr_line' id='line_1_6' title="bbox 458 1164 1495 1250; baseline -0.002 -18"><span class='ocrx_word' id='word_1_15' title='bbox 458 1165 672 1234; x_wconf 82' lang='lat' dir='ltr'><strong>Auctoritate</strong></span> <span class='ocrx_word' id='word_1_16' title='bbox 687 1165 779 1231; x_wconf 86' lang='lat' dir='ltr'><strong>vuius</strong></span> <span class='ocrx_word' id='word_1_17' title='bbox 797 1166 942 1232; x_wconf 87' lang='lat' dir='ltr'><strong>mandati</strong></span> <span class='ocrx_word' id='word_1_18' title='bbox 967 1164 1069 1248; x_wconf 83' lang='lat' dir='ltr'><strong>Regis</strong></span> <span class='ocrx_word' id='word_1_19' title='bbox 1094 1165 1251 1250; x_wconf 82' lang='lat' dir='ltr'><strong>predictis</strong></span> <span class='ocrx_word' id='word_1_20' title='bbox 1267 1164 1495 1249; x_wconf 77' lang='lat' dir='ltr'><strong>Thesaurarijs</strong></span> 
     </span>
    </p>
   </div>
   <div class='ocr_carea' id='block_1_4' title="bbox 371 1261 1541 1357">
    <p class='ocr_par' dir='ltr' id='par_1_4' title="bbox 371 1261 1541 1357">
     <span class='ocr_line' id='line_1_7' title="bbox 371 1261 1541 1357; baseline -0.001 -18"><span class='ocrx_word' id='word_1_21' title='bbox 371 1274 488 1340; x_wconf 80' lang='lat' dir='ltr'><strong>directi</strong></span> <span class='ocrx_word' id='word_1_22' title='bbox 499 1274 558 1340; x_wconf 87' lang='lat' dir='ltr'><strong>sub</strong></span> <span class='ocrx_word' id='word_1_23' title='bbox 575 1276 654 1340; x_wconf 90' lang='lat' dir='ltr'><strong>data</strong></span> <span class='ocrx_word' id='word_1_24' title='bbox 669 1271 811 1357; x_wconf 82' lang='lat' dir='ltr'><strong>Neapoli</strong></span> <span class='ocrx_word' id='word_1_25' title='bbox 829 1273 881 1338; x_wconf 89' lang='lat' dir='ltr'><strong>die</strong></span> <span class='ocrx_word' id='word_1_26' title='bbox 897 1271 997 1342; x_wconf 85' lang='lat' dir='ltr'>XVI.</span> <span class='ocrx_word' id='word_1_27' title='bbox 1022 1275 1141 1338; x_wconf 87' lang='lat' dir='ltr'><strong>mensis</strong></span> <span class='ocrx_word' id='word_1_28' title='bbox 1156 1271 1348 1339; x_wconf 87' lang='lat' dir='ltr'><strong>Decembris</strong></span> <span class='ocrx_word' id='word_1_29' title='bbox 1364 1271 1411 1338; x_wconf 94' lang='lat' dir='ltr'><strong>II.</strong></span> <span class='ocrx_word' id='word_1_30' title='bbox 1426 1293 1497 1356; x_wconf 78' lang='lat' dir='ltr'><strong>pro</strong></span> <span class='ocrx_word' id='word_1_31' title='bbox 1536 1261 1541 1270; x_wconf 72' lang='grc'>’</span> 
     </span>
    </p>
   </div>
   <div class='ocr_carea' id='block_1_5' title="bbox 323 1380 1518 3510">
    <p class='ocr_par' dir='ltr' id='par_1_5' title="bbox 323 1380 1518 3510">
     <span class='ocr_line' id='line_1_8' title="bbox 372 1380 1498 1466; baseline 0.001 -21"><span class='ocrx_word' id='word_1_32' title='bbox 372 1382 458 1447; x_wconf 88' lang='lat' dir='ltr'><strong>xime</strong></span> <span class='ocrx_word' id='word_1_33' title='bbox 469 1382 626 1466; x_wconf 84' lang='lat' dir='ltr'><strong>preterita</strong></span> <span class='ocrx_word' id='word_1_34' title='bbox 642 1383 748 1446; x_wconf 91' lang='lat' dir='ltr'><strong>notati</strong></span> <span class='ocrx_word' id='word_1_35' title='bbox 774 1381 807 1446; x_wconf 92' lang='lat' dir='ltr'><strong>in</strong></span> <span class='ocrx_word' id='word_1_36' title='bbox 823 1381 973 1465; x_wconf 89' lang='lat' dir='ltr'><strong>predicta</strong></span> <span class='ocrx_word' id='word_1_37' title='bbox 990 1381 1178 1465; x_wconf 81' lang='lat' dir='ltr'><strong>precedenti</strong></span> <span class='ocrx_word' id='word_1_38' title='bbox 1199 1381 1325 1447; x_wconf 86' lang='lat' dir='ltr'><strong>ratione</strong></span> <span class='ocrx_word' id='word_1_39' title='bbox 1341 1380 1498 1446; x_wconf 88' lang='lat' dir='ltr'><strong>dictorum</strong></span> 
     </span>
     <span class='ocr_line' id='line_1_9' title="bbox 378 1488 1500 1572; baseline 0 -20"><span class='ocrx_word' id='word_1_40' title='bbox 378 1488 499 1554; x_wconf 91' lang='lat' dir='ltr'><strong>domini</strong></span> <span class='ocrx_word' id='word_1_41' title='bbox 513 1488 678 1572; x_wconf 86' lang='lat' dir='ltr'><strong>Riccarij,</strong></span> <span class='ocrx_word' id='word_1_42' title='bbox 704 1489 857 1571; x_wconf 83' lang='lat' dir='ltr'><strong>Magistri</strong></span> <span class='ocrx_word' id='word_1_43' title='bbox 867 1489 1041 1572; x_wconf 85' lang='lat' dir='ltr'><strong>Raynaldi,</strong></span> <span class='ocrx_word' id='word_1_44' title='bbox 1054 1489 1253 1572; x_wconf 85' lang='lat' dir='ltr'><strong>etMagistri</strong></span> <span class='ocrx_word' id='word_1_45' title='bbox 1278 1489 1402 1572; x_wconf 88' lang='lat' dir='ltr'><strong>Angeli</strong></span> <span class='ocrx_word' id='word_1_46' title='bbox 1417 1489 1500 1554; x_wconf 87' lang='lat' dir='ltr'><strong>facta</strong></span> 
     </span>
     <span class='ocr_line' id='line_1_10' title="bbox 375 1595 1499 1680; baseline 0.001 -21"><span class='ocrx_word' id='word_1_47' title='bbox 375 1617 435 1680; x_wconf 89' lang='lat' dir='ltr'><strong>per</strong></span> <span class='ocrx_word' id='word_1_48' title='bbox 451 1603 557 1662; x_wconf 88' lang='lat' dir='ltr'><strong>totum</strong></span> <span class='ocrx_word' id='word_1_49' title='bbox 574 1595 698 1661; x_wconf 89' lang='lat' dir='ltr'>XXII.</span> <span class='ocrx_word' id='word_1_50' title='bbox 723 1595 809 1661; x_wconf 91' lang='lat' dir='ltr'><strong>diem</strong></span> <span class='ocrx_word' id='word_1_51' title='bbox 834 1597 955 1662; x_wconf 79' lang='lat' dir='ltr'><strong>mensis</strong></span> <span class='ocrx_word' id='word_1_52' title='bbox 980 1596 1178 1662; x_wconf 85' lang='lat' dir='ltr'><strong>Nouembris</strong></span> <span class='ocrx_word' id='word_1_53' title='bbox 1209 1595 1303 1662; x_wconf 89' lang='lat' dir='ltr'><strong>huius</strong></span> <span class='ocrx_word' id='word_1_54' title='bbox 1319 1595 1386 1662; x_wconf 90' lang='lat' dir='ltr'>III.</span> <span class='ocrx_word' id='word_1_55' title='bbox 1403 1595 1499 1661; x_wconf 83' lang='lat' dir='ltr'><strong>indic</strong></span> 
     </span>
     <span class='ocr_line' id='line_1_11' title="bbox 378 1701 1501 1786; baseline 0.002 -20"><span class='ocrx_word' id='word_1_56' title='bbox 378 1703 479 1768; x_wconf 89' lang='lat' dir='ltr'><strong>tionis</strong></span> <span class='ocrx_word' id='word_1_57' title='bbox 495 1702 535 1766; x_wconf 88' lang='lat' dir='ltr'><strong>de</strong></span> <span class='ocrx_word' id='word_1_58' title='bbox 555 1701 719 1768; x_wconf 88' lang='lat' dir='ltr'><strong>soluendis</strong></span> <span class='ocrx_word' id='word_1_59' title='bbox 750 1701 921 1786; x_wconf 86' lang='lat' dir='ltr'><strong>Rostayno</strong></span> <span class='ocrx_word' id='word_1_60' title='bbox 939 1703 979 1768; x_wconf 90' lang='lat' dir='ltr'><strong>de</strong></span> <span class='ocrx_word' id='word_1_61' title='bbox 1005 1704 1166 1770; x_wconf 86' lang='lat' dir='ltr'><strong>Cadineto</strong></span> <span class='ocrx_word' id='word_1_62' title='bbox 1183 1703 1352 1786; x_wconf 90' lang='lat' dir='ltr'><strong>capellano</strong></span> <span class='ocrx_word' id='word_1_63' title='bbox 1370 1712 1404 1769; x_wconf 89' lang='lat' dir='ltr'><strong>et</strong></span> <span class='ocrx_word' id='word_1_64' title='bbox 1420 1704 1501 1769; x_wconf 78' lang='lat' dir='ltr'><strong>hele</strong></span> 
     </span>
     <span class='ocr_line' id='line_1_12' title="bbox 379 1795 1495 1894; baseline 0 -20"><span class='ocrx_word' id='word_1_65' title='bbox 379 1811 565 1892; x_wconf 71' lang='lat' dir='ltr'><strong>manuario,</strong></span> <span class='ocrx_word' id='word_1_66' title='bbox 581 1811 746 1894; x_wconf 83' lang='lat' dir='ltr'><strong>Magistro¹</strong></span> <span class='ocrx_word' id='word_1_67' title='bbox 762 1809 943 1876; x_wconf 88' lang='lat' dir='ltr'><strong>Laurentio</strong></span> <span class='ocrx_word' id='word_1_68' title='bbox 959 1811 999 1876; x_wconf 91' lang='lat' dir='ltr'><strong>de</strong></span> <span class='ocrx_word' id='word_1_69' title='bbox 1015 1809 1176 1876; x_wconf 85' lang='lat' dir='ltr'><strong>Landolfe</strong></span> <span class='ocrx_word' id='word_1_70' title='bbox 1191 1811 1231 1875; x_wconf 88' lang='lat' dir='ltr'><strong>de</strong></span> <span class='ocrx_word' id='word_1_71' title='bbox 1249 1808 1381 1876; x_wconf 83' lang='lat' dir='ltr'><strong>Auersa</strong></span> <span class='ocrx_word' id='word_1_72' title='bbox 1407 1795 1495 1876; x_wconf 87' lang='lat' dir='ltr'><strong>fisico</strong></span> 
     </span>
     <span class='ocr_line' id='line_1_13' title="bbox 384 1915 1494 2001; baseline -0.001 -20"><span class='ocrx_word' id='word_1_73' title='bbox 384 1915 544 1982; x_wconf 76' lang='lat' dir='ltr'><strong>scutiferis</strong></span> <span class='ocrx_word' id='word_1_74' title='bbox 575 1917 712 2001; x_wconf 86' lang='lat' dir='ltr'><strong>integris</strong></span> <span class='ocrx_word' id='word_1_75' title='bbox 745 1917 857 1982; x_wconf 88' lang='lat' dir='ltr'><strong>decem</strong></span> <span class='ocrx_word' id='word_1_76' title='bbox 883 1923 914 1982; x_wconf 89' lang='lat' dir='ltr'><strong>et</strong></span> <span class='ocrx_word' id='word_1_77' title='bbox 940 1924 1023 1999; x_wconf 87' lang='lat' dir='ltr'><strong>oct0,</strong></span> <span class='ocrx_word' id='word_1_78' title='bbox 1048 1919 1100 1984; x_wconf 84' lang='lat' dir='ltr'><strong>vni</strong></span> <span class='ocrx_word' id='word_1_79' title='bbox 1127 1939 1212 1998; x_wconf 87' lang='lat' dir='ltr'><strong>cccc,</strong></span> <span class='ocrx_word' id='word_1_80' title='bbox 1229 1920 1282 1983; x_wconf 89' lang='lat' dir='ltr'><strong>vni</strong></span> <span class='ocrx_word' id='word_1_81' title='bbox 1299 1918 1440 1998; x_wconf 82' lang='lat' dir='ltr'><strong>salserio,</strong></span> <span class='ocrx_word' id='word_1_82' title='bbox 1457 1939 1494 1980; x_wconf 82' lang='lat' dir='ltr'><strong>vn</strong></span> 
     </span>
     <span class='ocr_line' id='line_1_14' title="bbox 380 2024 1504 2108; baseline -0.001 -20"><span class='ocrx_word' id='word_1_83' title='bbox 380 2024 539 2089; x_wconf 88' lang='lat' dir='ltr'><strong>hostiario</strong></span> <span class='ocrx_word' id='word_1_84' title='bbox 556 2025 632 2104; x_wconf 91' lang='lat' dir='ltr'><strong>sale,</strong></span> <span class='ocrx_word' id='word_1_85' title='bbox 663 2024 809 2108; x_wconf 89' lang='lat' dir='ltr'><strong>dimidijs</strong></span> <span class='ocrx_word' id='word_1_86' title='bbox 839 2025 980 2090; x_wconf 89' lang='lat' dir='ltr'><strong>vallictis</strong></span> <span class='ocrx_word' id='word_1_87' title='bbox 1012 2026 1119 2091; x_wconf 86' lang='lat' dir='ltr'><strong>tribus</strong></span> <span class='ocrx_word' id='word_1_88' title='bbox 1149 2025 1297 2106; x_wconf 79' lang='lat' dir='ltr'><strong>Camere,</strong></span> <span class='ocrx_word' id='word_1_89' title='bbox 1323 2025 1504 2107; x_wconf 88' lang='lat' dir='ltr'><strong>somularijs</strong></span> 
     </span>
     <span class='ocr_line' id='line_1_15' title="bbox 382 2129 1504 2216; baseline 0 -21"><span class='ocrx_word' id='word_1_90' title='bbox 382 2129 520 2198; x_wconf 85' lang='lat' dir='ltr'><strong>Camere</strong></span> <span class='ocrx_word' id='word_1_91' title='bbox 537 2133 653 2213; x_wconf 90' lang='lat' dir='ltr'><strong>tribus,</strong></span> <span class='ocrx_word' id='word_1_92' title='bbox 669 2134 723 2197; x_wconf 86' lang='lat' dir='ltr'><strong>vni</strong></span> <span class='ocrx_word' id='word_1_93' title='bbox 739 2131 1048 2215; x_wconf 85' lang='lat' dir='ltr'><strong>guardamangerio,</strong></span> <span class='ocrx_word' id='word_1_94' title='bbox 1064 2131 1219 2198; x_wconf 87' lang='lat' dir='ltr'><strong>Valliotis</strong></span> <span class='ocrx_word' id='word_1_95' title='bbox 1230 2132 1379 2216; x_wconf 82' lang='lat' dir='ltr'><strong>Coquine</strong></span> <span class='ocrx_word' id='word_1_96' title='bbox 1394 2133 1504 2210; x_wconf 87' lang='lat' dir='ltr'><strong>tribus,</strong></span> 
     </span>
     <span class='ocr_line' id='line_1_16' title="bbox 383 2239 1503 2324; baseline -0.001 -20"><span class='ocrx_word' id='word_1_97' title='bbox 383 2239 435 2304; x_wconf 83' lang='lat' dir='ltr'><strong>fro</strong></span> <span class='ocrx_word' id='word_1_98' title='bbox 451 2239 583 2306; x_wconf 83' lang='lat' dir='ltr'><strong>vallicto</strong></span> <span class='ocrx_word' id='word_1_99' title='bbox 607 2242 807 2324; x_wconf 85' lang='lat' dir='ltr'><strong>panecturie,</strong></span> <span class='ocrx_word' id='word_1_100' title='bbox 832 2241 884 2306; x_wconf 85' lang='lat' dir='ltr'><strong>vni</strong></span> <span class='ocrx_word' id='word_1_101' title='bbox 909 2241 1042 2306; x_wconf 88' lang='lat' dir='ltr'><strong>vallicto</strong></span> <span class='ocrx_word' id='word_1_102' title='bbox 1067 2239 1288 2320; x_wconf 85' lang='lat' dir='ltr'><strong>bucticularie,</strong></span> <span class='ocrx_word' id='word_1_103' title='bbox 1304 2241 1358 2304; x_wconf 83' lang='lat' dir='ltr'><strong>vni</strong></span> <span class='ocrx_word' id='word_1_104' title='bbox 1375 2239 1503 2305; x_wconf 86' lang='lat' dir='ltr'><strong>vallieto</strong></span> 
     </span>
     <span class='ocr_line' id='line_1_17' title="bbox 382 2347 1508 2430; baseline 0 -22"><span class='ocrx_word' id='word_1_105' title='bbox 382 2347 572 2429; x_wconf 82' lang='lat' dir='ltr'><strong>vnictuarie,</strong></span> <span class='ocrx_word' id='word_1_106' title='bbox 597 2348 651 2412; x_wconf 82' lang='lat' dir='ltr'><strong>vni</strong></span> <span class='ocrx_word' id='word_1_107' title='bbox 676 2349 810 2413; x_wconf 86' lang='lat' dir='ltr'><strong>vallicto</strong></span> <span class='ocrx_word' id='word_1_108' title='bbox 837 2349 982 2430; x_wconf 87' lang='lat' dir='ltr'><strong>salsarie,</strong></span> <span class='ocrx_word' id='word_1_109' title='bbox 1010 2349 1063 2412; x_wconf 91' lang='lat' dir='ltr'><strong>vni</strong></span> <span class='ocrx_word' id='word_1_110' title='bbox 1089 2347 1220 2413; x_wconf 89' lang='lat' dir='ltr'><strong>vallicto</strong></span> <span class='ocrx_word' id='word_1_111' title='bbox 1246 2347 1394 2426; x_wconf 89' lang='lat' dir='ltr'><strong>forrarie,</strong></span> <span class='ocrx_word' id='word_1_112' title='bbox 1410 2356 1442 2411; x_wconf 90' lang='lat' dir='ltr'><strong>et</strong></span> <span class='ocrx_word' id='word_1_113' title='bbox 1458 2348 1508 2410; x_wconf 71' lang='lat' dir='ltr'><strong>ini</strong></span> 
     </span>
     <span class='ocr_line' id='line_1_18' title="bbox 384 2451 1506 2540; baseline 0 -24"><span class='ocrx_word' id='word_1_114' title='bbox 384 2452 517 2518; x_wconf 85' lang='lat' dir='ltr'><strong>vallicto</strong></span> <span class='ocrx_word' id='word_1_115' title='bbox 547 2451 764 2537; x_wconf 87' lang='lat' dir='ltr'><strong>tailaudarie,</strong></span> <span class='ocrx_word' id='word_1_116' title='bbox 797 2456 958 2521; x_wconf 87' lang='lat' dir='ltr'><strong>ordinatis</strong></span> <span class='ocrx_word' id='word_1_117' title='bbox 989 2478 1048 2540; x_wconf 91' lang='lat' dir='ltr'><strong>per</strong></span> <span class='ocrx_word' id='word_1_118' title='bbox 1081 2456 1290 2521; x_wconf 81' lang='lat' dir='ltr'><strong>Maiestatem</strong></span> <span class='ocrx_word' id='word_1_119' title='bbox 1322 2453 1461 2537; x_wconf 80' lang='lat' dir='ltr'><strong>Regiam</strong></span> <span class='ocrx_word' id='word_1_120' title='bbox 1476 2455 1506 2516; x_wconf 92' lang='lat' dir='ltr'><strong>in</strong></span> 
     </span>
     <span class='ocr_line' id='line_1_19' title="bbox 386 2557 1508 2655; baseline -0.001 -31"><span class='ocrx_word' id='word_1_121' title='bbox 386 2559 529 2645; x_wconf 91' lang='lat' dir='ltr'><strong>hospitio</strong></span> <span class='ocrx_word' id='word_1_122' title='bbox 554 2561 756 2628; x_wconf 82' lang='lat' dir='ltr'><strong>Excellentis</strong></span> <span class='ocrx_word' id='word_1_123' title='bbox 788 2562 931 2642; x_wconf 85' lang='lat' dir='ltr'><strong>Domini,</strong></span> <span class='ocrx_word' id='word_1_124' title='bbox 949 2563 1070 2627; x_wconf 92' lang='lat' dir='ltr'><strong>domini</strong></span> <span class='ocrx_word' id='word_1_125' title='bbox 1087 2561 1222 2627; x_wconf 86' lang='lat' dir='ltr'><strong>Andrce</strong></span> <span class='ocrx_word' id='word_1_126' title='bbox 1237 2559 1340 2626; x_wconf 88' lang='lat' dir='ltr'><strong>Ducis</strong></span> <span class='ocrx_word' id='word_1_127' title='bbox 1358 2557 1508 2655; x_wconf 78' lang='lat' dir='ltr'><strong>Calabris</strong></span> 
     </span>
     <span class='ocr_line' id='line_1_20' title="bbox 385 2669 1509 2754; baseline 0 -22"><span class='ocrx_word' id='word_1_128' title='bbox 385 2669 455 2734; x_wconf 89' lang='lat' dir='ltr'><strong>nati</strong></span> <span class='ocrx_word' id='word_1_129' title='bbox 471 2669 584 2734; x_wconf 88' lang='lat' dir='ltr'><strong>Incliti</strong></span> <span class='ocrx_word' id='word_1_130' title='bbox 600 2669 734 2735; x_wconf 90' lang='lat' dir='ltr'><strong>Domini</strong></span> <span class='ocrx_word' id='word_1_131' title='bbox 750 2670 855 2754; x_wconf 86' lang='lat' dir='ltr'><strong>Regis</strong></span> <span class='ocrx_word' id='word_1_132' title='bbox 871 2669 1017 2754; x_wconf 83' lang='lat' dir='ltr'><strong>Vngam&#39;e</strong></span> <span class='ocrx_word' id='word_1_133' title='bbox 1028 2669 1157 2754; x_wconf 85' lang='lat' dir='ltr'><strong>nepotis</strong></span> <span class='ocrx_word' id='word_1_134' title='bbox 1168 2669 1275 2752; x_wconf 85' lang='lat' dir='ltr'><strong>Regii,</strong></span> <span class='ocrx_word' id='word_1_135' title='bbox 1286 2669 1393 2752; x_wconf 83' lang='lat' dir='ltr'><strong>gagiis</strong></span> <span class='ocrx_word' id='word_1_136' title='bbox 1403 2688 1509 2732; x_wconf 89' lang='lat' dir='ltr'><strong>eorum</strong></span> 
     </span>
     <span class='ocr_line' id='line_1_21' title="bbox 389 2775 1512 2862; baseline 0.001 -25"><span class='ocrx_word' id='word_1_137' title='bbox 389 2775 436 2839; x_wconf 90' lang='lat' dir='ltr'><strong>eis</strong></span> <span class='ocrx_word' id='word_1_138' title='bbox 453 2776 487 2840; x_wconf 92' lang='lat' dir='ltr'><strong>in</strong></span> <span class='ocrx_word' id='word_1_139' title='bbox 502 2775 608 2860; x_wconf 83' lang='lat' dir='ltr'><strong>Regia</strong></span> <span class='ocrx_word' id='word_1_140' title='bbox 627 2777 765 2846; x_wconf 80' lang='lat' dir='ltr'><strong>Camena</strong></span> <span class='ocrx_word' id='word_1_141' title='bbox 780 2800 839 2862; x_wconf 92' lang='lat' dir='ltr'><strong>per</strong></span> <span class='ocrx_word' id='word_1_142' title='bbox 855 2779 977 2844; x_wconf 89' lang='lat' dir='ltr'><strong>dietam</strong></span> <span class='ocrx_word' id='word_1_143' title='bbox 993 2778 1203 2844; x_wconf 85' lang='lat' dir='ltr'><strong>Maiestatem</strong></span> <span class='ocrx_word' id='word_1_144' title='bbox 1228 2777 1368 2860; x_wconf 83' lang='lat' dir='ltr'><strong>Regiam</strong></span> <span class='ocrx_word' id='word_1_145' title='bbox 1392 2775 1512 2840; x_wconf 90' lang='lat' dir='ltr'><strong>stabili·</strong></span> 
     </span>
     <span class='ocr_line' id='line_1_22' title="bbox 387 2883 1512 2970; baseline -0.002 -23"><span class='ocrx_word' id='word_1_146' title='bbox 387 2883 438 2961; x_wconf 84' lang='lat' dir='ltr'><strong>tis,</strong></span> <span class='ocrx_word' id='word_1_147' title='bbox 453 2905 473 2946; x_wconf 88' lang='lat' dir='ltr'><strong>a</strong></span> <span class='ocrx_word' id='word_1_148' title='bbox 490 2884 542 2949; x_wconf 91' lang='lat' dir='ltr'><strong>die</strong></span> <span class='ocrx_word' id='word_1_149' title='bbox 559 2887 663 2970; x_wconf 90' lang='lat' dir='ltr'><strong>primo</strong></span> <span class='ocrx_word' id='word_1_150' title='bbox 695 2887 815 2950; x_wconf 90' lang='lat' dir='ltr'><strong>mensis</strong></span> <span class='ocrx_word' id='word_1_151' title='bbox 846 2885 1043 2952; x_wconf 80' lang='lat' dir='ltr'><strong>Nouembris</strong></span> <span class='ocrx_word' id='word_1_152' title='bbox 1073 2887 1221 2968; x_wconf 84' lang='lat' dir='ltr'><strong>proximo</strong></span> <span class='ocrx_word' id='word_1_153' title='bbox 1247 2884 1397 2967; x_wconf 91' lang='lat' dir='ltr'><strong>preteriti</strong></span> <span class='ocrx_word' id='word_1_154' title='bbox 1432 2883 1512 2946; x_wconf 86' lang='lat' dir='ltr'><strong>dicte</strong></span> 
     </span>
     <span class='ocr_line' id='line_1_23' title="bbox 388 2991 1511 3070; baseline -0.004 -14"><span class='ocrx_word' id='word_1_155' title='bbox 388 2992 526 3058; x_wconf 90' lang='lat' dir='ltr'><strong>secunde</strong></span> <span class='ocrx_word' id='word_1_156' title='bbox 557 2994 741 3059; x_wconf 89' lang='lat' dir='ltr'><strong>indictionis</strong></span> <span class='ocrx_word' id='word_1_157' title='bbox 772 2997 906 3060; x_wconf 82' lang='lat' dir='ltr'><strong>inantea</strong></span> <span class='ocrx_word' id='word_1_158' title='bbox 932 2993 971 3059; x_wconf 89' lang='lat' dir='ltr'><strong>de</strong></span> <span class='ocrx_word' id='word_1_159' title='bbox 997 3014 1106 3059; x_wconf 91' lang='lat' dir='ltr'><strong>mense</strong></span> <span class='ocrx_word' id='word_1_160' title='bbox 1133 2993 1164 3056; x_wconf 89' lang='lat' dir='ltr'><strong>in</strong></span> <span class='ocrx_word' id='word_1_161' title='bbox 1197 3013 1348 3070; x_wconf 85' lang='lat' dir='ltr'><strong>mensem,</strong></span> <span class='ocrx_word' id='word_1_162' title='bbox 1366 2991 1511 3056; x_wconf 90' lang='lat' dir='ltr'><strong>donecin</strong></span> 
     </span>
     <span class='ocr_line' id='line_1_24' title="bbox 390 3099 1513 3186; baseline -0.004 -22"><span class='ocrx_word' id='word_1_163' title='bbox 390 3100 477 3166; x_wconf 90' lang='lat' dir='ltr'><strong>dicto</strong></span> <span class='ocrx_word' id='word_1_164' title='bbox 493 3100 635 3186; x_wconf 90' lang='lat' dir='ltr'><strong>hospitio</strong></span> <span class='ocrx_word' id='word_1_165' title='bbox 662 3103 702 3166; x_wconf 90' lang='lat' dir='ltr'><strong>de</strong></span> <span class='ocrx_word' id='word_1_166' title='bbox 727 3103 931 3186; x_wconf 88' lang='lat' dir='ltr'><strong>beneplacito</strong></span> <span class='ocrx_word' id='word_1_167' title='bbox 956 3102 1062 3183; x_wconf 87' lang='lat' dir='ltr'><strong>Regio</strong></span> <span class='ocrx_word' id='word_1_168' title='bbox 1088 3122 1212 3166; x_wconf 87' lang='lat' dir='ltr'><strong>moram</strong></span> <span class='ocrx_word' id='word_1_169' title='bbox 1239 3099 1437 3180; x_wconf 87' lang='lat' dir='ltr'><strong>t1·ahent,de</strong></span> <span class='ocrx_word' id='word_1_170' title='bbox 1454 3119 1513 3180; x_wconf 91' lang='lat' dir='ltr'><strong>quo</strong></span> 
     </span>
     <span class='ocr_line' id='line_1_25' title="bbox 389 3205 1514 3286; baseline -0.004 -14"><span class='ocrx_word' id='word_1_171' title='bbox 389 3206 471 3273; x_wconf 86' lang='lat' dir='ltr'><strong>fides</strong></span> <span class='ocrx_word' id='word_1_172' title='bbox 486 3209 648 3274; x_wconf 90' lang='lat' dir='ltr'><strong>dictorum</strong></span> <span class='ocrx_word' id='word_1_173' title='bbox 675 3209 967 3276; x_wconf 78' lang='lat' dir='ltr'><strong>Thesaurariorum</strong></span> <span class='ocrx_word' id='word_1_174' title='bbox 994 3211 1144 3274; x_wconf 90' lang='lat' dir='ltr'><strong>dominus</strong></span> <span class='ocrx_word' id='word_1_175' title='bbox 1169 3209 1241 3274; x_wconf 85' lang='lat' dir='ltr'><strong>Rex</strong></span> <span class='ocrx_word' id='word_1_176' title='bbox 1257 3207 1395 3286; x_wconf 86' lang='lat' dir='ltr'><strong>inheret,</strong></span> <span class='ocrx_word' id='word_1_177' title='bbox 1412 3205 1454 3270; x_wconf 87' lang='lat' dir='ltr'><strong>ad</strong></span> <span class='ocrx_word' id='word_1_178' title='bbox 1468 3225 1514 3268; x_wconf 87' lang='lat' dir='ltr'><strong>ra·</strong></span> 
     </span>
     <span class='ocr_line' id='line_1_26' title="bbox 391 3315 1516 3400; baseline -0.004 -20"><span class='ocrx_word' id='word_1_179' title='bbox 391 3317 514 3380; x_wconf 90' lang='lat' dir='ltr'><strong>tionem</strong></span> <span class='ocrx_word' id='word_1_180' title='bbox 539 3318 661 3384; x_wconf 89' lang='lat' dir='ltr'><strong>scilicet</strong></span> <span class='ocrx_word' id='word_1_181' title='bbox 687 3319 726 3384; x_wconf 90' lang='lat' dir='ltr'><strong>de</strong></span> <span class='ocrx_word' id='word_1_182' title='bbox 754 3319 846 3383; x_wconf 89' lang='lat' dir='ltr'><strong>vncia</strong></span> <span class='ocrx_word' id='word_1_183' title='bbox 872 3341 934 3382; x_wconf 87' lang='lat' dir='ltr'><strong>vna</strong></span> <span class='ocrx_word' id='word_1_184' title='bbox 958 3319 1085 3384; x_wconf 82' lang='lat' dir='ltr'><strong>tarenis</strong></span> <span class='ocrx_word' id='word_1_185' title='bbox 1111 3317 1185 3386; x_wconf 86' lang='lat' dir='ltr'><strong>VII</strong></span> <span class='ocrx_word' id='word_1_186' title='bbox 1221 3325 1254 3381; x_wconf 91' lang='lat' dir='ltr'><strong>et</strong></span> <span class='ocrx_word' id='word_1_187' title='bbox 1270 3317 1383 3400; x_wconf 83' lang='lat' dir='ltr'><strong>granis</strong></span> <span class='ocrx_word' id='word_1_188' title='bbox 1398 3315 1436 3378; x_wconf 94' lang='lat' dir='ltr'>X</span> <span class='ocrx_word' id='word_1_189' title='bbox 1461 3333 1516 3396; x_wconf 90' lang='lat' dir='ltr'><strong>pro</strong></span> 
     </span>
     <span class='ocr_line' id='line_1_27' title="bbox 323 3421 1518 3510; baseline -0.005 -23"><span class='ocrx_word' id='word_1_190' title='bbox 323 3433 327 3441; x_wconf 89' lang='lat'>&#39;</span> <span class='ocrx_word' id='word_1_191' title='bbox 393 3424 482 3488; x_wconf 91' lang='lat' dir='ltr'><strong>dicto</strong></span> <span class='ocrx_word' id='word_1_192' title='bbox 507 3426 687 3510; x_wconf 70' lang='lat' dir='ltr'><strong>capellana</strong></span> <span class='ocrx_word' id='word_1_193' title='bbox 704 3428 798 3491; x_wconf 89' lang='lat' dir='ltr'><strong>vnoia</strong></span> <span class='ocrx_word' id='word_1_194' title='bbox 813 3449 876 3492; x_wconf 86' lang='lat' dir='ltr'><strong>vna</strong></span> <span class='ocrx_word' id='word_1_195' title='bbox 893 3434 925 3490; x_wconf 90' lang='lat' dir='ltr'><strong>et</strong></span> <span class='ocrx_word' id='word_1_196' title='bbox 941 3427 1066 3490; x_wconf 88' lang='lat' dir='ltr'><strong>tarenis</strong></span> <span class='ocrx_word' id='word_1_197' title='bbox 1082 3424 1152 3491; x_wconf 87' lang='lat' dir='ltr'><strong>XV</strong></span> <span class='ocrx_word' id='word_1_198' title='bbox 1178 3444 1238 3506; x_wconf 89' lang='lat' dir='ltr'><strong>pro</strong></span> <span class='ocrx_word' id='word_1_199' title='bbox 1256 3422 1386 3488; x_wconf 91' lang='lat' dir='ltr'><strong>domino</strong></span> <span class='ocrx_word' id='word_1_200' title='bbox 1403 3421 1518 3496; x_wconf 84' lang='lat' dir='ltr'><strong>Fisico,</strong></span> 
     </span>
    </p>
   </div>
   <div class='ocr_carea' id='block_1_6' title="bbox 393 3526 1598 3618">
    <p class='ocr_par' dir='ltr' id='par_1_6' title="bbox 393 3526 1598 3618">
     <span class='ocr_line' id='line_1_28' title="bbox 393 3526 1598 3618; baseline -0.004 -23"><span class='ocrx_word' id='word_1_201' title='bbox 393 3532 517 3597; x_wconf 89' lang='lat' dir='ltr'><strong>tarenis</strong></span> <span class='ocrx_word' id='word_1_202' title='bbox 534 3533 713 3615; x_wconf 79' lang='lat' dir='ltr'><strong>uigintiuno</strong></span> <span class='ocrx_word' id='word_1_203' title='bbox 730 3556 789 3618; x_wconf 92' lang='lat' dir='ltr'><strong>pro</strong></span> <span class='ocrx_word' id='word_1_204' title='bbox 807 3533 955 3617; x_wconf 86' lang='lat' dir='ltr'><strong>quolibet</strong></span> <span class='ocrx_word' id='word_1_205' title='bbox 981 3533 1207 3598; x_wconf 87' lang='lat' dir='ltr'><strong>scutiferorum</strong></span> <span class='ocrx_word' id='word_1_206' title='bbox 1240 3533 1453 3612; x_wconf 86' lang='lat' dir='ltr'><strong>integrorum,</strong></span> <span class='ocrx_word' id='word_1_207' title='bbox 1469 3526 1516 3591; x_wconf 89' lang='lat' dir='ltr'><strong>de·</strong></span> <span class='ocrx_word' id='word_1_208' title='bbox 1596 3547 1598 3576; x_wconf 60' lang='lat' dir='ltr'><strong>r</strong></span> 
     </span>
    </p>
   </div>
   <div class='ocr_carea' id='block_1_7' title="bbox 394 3636 1519 3727">
    <p class='ocr_par' dir='ltr' id='par_1_7' title="bbox 394 3636 1519 3727">
     <span class='ocr_line' id='line_1_29' title="bbox 394 3636 1519 3727; baseline -0.006 -22"><span class='ocrx_word' id='word_1_209' title='bbox 394 3661 462 3705; x_wconf 88' lang='lat' dir='ltr'><strong>cem</strong></span> <span class='ocrx_word' id='word_1_210' title='bbox 479 3647 511 3706; x_wconf 91' lang='lat' dir='ltr'><strong>et</strong></span> <span class='ocrx_word' id='word_1_211' title='bbox 527 3649 600 3708; x_wconf 89' lang='lat' dir='ltr'><strong>octo</strong></span> <span class='ocrx_word' id='word_1_212' title='bbox 616 3665 677 3727; x_wconf 90' lang='lat' dir='ltr'><strong>pro</strong></span> <span class='ocrx_word' id='word_1_213' title='bbox 693 3643 840 3727; x_wconf 88' lang='lat' dir='ltr'><strong>predicto</strong></span> <span class='ocrx_word' id='word_1_214' title='bbox 857 3664 943 3724; x_wconf 86' lang='lat' dir='ltr'><strong>coco,</strong></span> <span class='ocrx_word' id='word_1_215' title='bbox 976 3643 1101 3707; x_wconf 84' lang='lat' dir='ltr'><strong>tarenis</strong></span> <span class='ocrx_word' id='word_1_216' title='bbox 1127 3637 1196 3706; x_wconf 89' lang='lat' dir='ltr'><strong>XV</strong></span> <span class='ocrx_word' id='word_1_217' title='bbox 1221 3661 1281 3722; x_wconf 90' lang='lat' dir='ltr'><strong>pro</strong></span> <span class='ocrx_word' id='word_1_218' title='bbox 1298 3637 1445 3721; x_wconf 91' lang='lat' dir='ltr'><strong>quolibet</strong></span> <span class='ocrx_word' id='word_1_219' title='bbox 1461 3636 1519 3700; x_wconf 86' lang='lat' dir='ltr'><strong>dic-</strong></span> 
     </span>
    </p>
   </div>
   <div class='ocr_carea' id='block_1_8' title="bbox 280 3745 1598 4268">
    <p class='ocr_par' dir='ltr' id='par_1_8' title="bbox 393 3743 1598 4053">
     <span class='ocr_line' id='line_1_30' title="bbox 393 3745 1519 3836; baseline -0.006 -22"><span class='ocrx_word' id='word_1_220' title='bbox 393 3756 500 3815; x_wconf 88' lang='lat' dir='ltr'><strong>torum</strong></span> <span class='ocrx_word' id='word_1_221' title='bbox 518 3752 656 3836; x_wconf 85' lang='lat' dir='ltr'><strong>saucerij</strong></span> <span class='ocrx_word' id='word_1_222' title='bbox 675 3759 709 3816; x_wconf 89' lang='lat' dir='ltr'><strong>et</strong></span> <span class='ocrx_word' id='word_1_223' title='bbox 725 3751 879 3835; x_wconf 87' lang='lat' dir='ltr'><strong>hostiarij</strong></span> <span class='ocrx_word' id='word_1_224' title='bbox 898 3751 975 3833; x_wconf 90' lang='lat' dir='ltr'><strong>sale,</strong></span> <span class='ocrx_word' id='word_1_225' title='bbox 990 3751 1114 3815; x_wconf 89' lang='lat' dir='ltr'><strong>tarenis</strong></span> <span class='ocrx_word' id='word_1_226' title='bbox 1131 3747 1202 3816; x_wconf 85' lang='lat' dir='ltr'><strong>VII</strong></span> <span class='ocrx_word' id='word_1_227' title='bbox 1228 3755 1260 3813; x_wconf 88' lang='lat' dir='ltr'><strong>et</strong></span> <span class='ocrx_word' id='word_1_228' title='bbox 1276 3747 1388 3830; x_wconf 86' lang='lat' dir='ltr'><strong>granis</strong></span> <span class='ocrx_word' id='word_1_229' title='bbox 1404 3745 1440 3810; x_wconf 89' lang='lat' dir='ltr'>X</span> <span class='ocrx_word' id='word_1_230' title='bbox 1464 3767 1519 3828; x_wconf 89' lang='lat' dir='ltr'><strong>pro</strong></span> 
     </span>
     <span class='ocr_line' id='line_1_31' title="bbox 396 3853 1598 3944; baseline -0.008 -20"><span class='ocrx_word' id='word_1_231' title='bbox 396 3860 541 3943; x_wconf 87' lang='lat' dir='ltr'><strong>quolibet</strong></span> <span class='ocrx_word' id='word_1_232' title='bbox 556 3860 779 3944; x_wconf 88' lang='lat' dir='ltr'><strong>predictorum</strong></span> <span class='ocrx_word' id='word_1_233' title='bbox 804 3862 903 3924; x_wconf 89' lang='lat' dir='ltr'><strong>trium</strong></span> <span class='ocrx_word' id='word_1_234' title='bbox 930 3859 1139 3924; x_wconf 89' lang='lat' dir='ltr'><strong>dimidiorum</strong></span> <span class='ocrx_word' id='word_1_235' title='bbox 1156 3856 1363 3921; x_wconf 83' lang='lat' dir='ltr'><strong>vallictorum</strong></span> <span class='ocrx_word' id='word_1_236' title='bbox 1380 3853 1521 3928; x_wconf 83' lang='lat' dir='ltr'><strong>Camere,</strong></span> <span class='ocrx_word' id='word_1_237' title='bbox 1596 3865 1598 3944; x_wconf 75' lang='grc'><strong>1</strong></span> 
     </span>
     <span class='ocr_line' id='line_1_32' title="bbox 393 3951 1598 4053; baseline -0.011 -20"><span class='ocrx_word' id='word_1_238' title='bbox 393 3968 678 4053; x_wconf 83' lang='lat' dir='ltr'><strong>guardamangerij</strong></span> <span class='ocrx_word' id='word_1_239' title='bbox 697 3975 729 4033; x_wconf 87' lang='lat' dir='ltr'><strong>et</strong></span> <span class='ocrx_word' id='word_1_240' title='bbox 745 3967 860 4033; x_wconf 83' lang='lat' dir='ltr'><strong>villicti</strong></span> <span class='ocrx_word' id='word_1_241' title='bbox 904 3966 1114 4052; x_wconf 79' lang='lat' dir='ltr'><strong>tallandarie‚</strong></span> <span class='ocrx_word' id='word_1_242' title='bbox 1139 3971 1169 4028; x_wconf 89' lang='lat' dir='ltr'><strong>et</strong></span> <span class='ocrx_word' id='word_1_243' title='bbox 1196 3963 1315 4029; x_wconf 86' lang='lat' dir='ltr'><strong>tarenis</strong></span> <span class='ocrx_word' id='word_1_244' title='bbox 1347 3963 1452 4027; x_wconf 85' lang='lat' dir='ltr'><strong>tribus</strong></span> <span class='ocrx_word' id='word_1_245' title='bbox 1469 3979 1521 4042; x_wconf 91' lang='lat' dir='ltr'><strong>pro</strong></span> <span class='ocrx_word' id='word_1_246' title='bbox 1596 3951 1598 4042; x_wconf 95' lang='grc'><strong>1</strong></span> 
     </span>
    </p>

    <p class='ocr_par' dir='ltr' id='par_1_9' title="bbox 280 4057 1598 4268">
     <span class='ocr_line' id='line_1_33' title="bbox 312 4057 1598 4160; baseline -0.012 -17"><span class='ocrx_word' id='word_1_247' title='bbox 312 4067 317 4072; x_wconf 59' lang='grc'>’</span> <span class='ocrx_word' id='word_1_248' title='bbox 396 4075 542 4160; x_wconf 87' lang='lat' dir='ltr'><strong>quolibet</strong></span> <span class='ocrx_word' id='word_1_249' title='bbox 558 4079 817 4158; x_wconf 91' lang='lat' dir='ltr'><strong>somulariorum,</strong></span> <span class='ocrx_word' id='word_1_250' title='bbox 834 4077 931 4141; x_wconf 90' lang='lat' dir='ltr'><strong>trium</strong></span> <span class='ocrx_word' id='word_1_251' title='bbox 964 4074 1171 4140; x_wconf 86' lang='lat' dir='ltr'><strong>vallictorum</strong></span> <span class='ocrx_word' id='word_1_252' title='bbox 1202 4072 1348 4157; x_wconf 79' lang='lat' dir='ltr'><strong>coquina,</strong></span> <span class='ocrx_word' id='word_1_253' title='bbox 1379 4069 1480 4134; x_wconf 89' lang='lat' dir='ltr'><strong>trium</strong></span> <span class='ocrx_word' id='word_1_254' title='bbox 1495 4069 1522 4130; x_wconf 87' lang='lat' dir='ltr'><strong>et</strong></span> <span class='ocrx_word' id='word_1_255' title='bbox 1596 4057 1598 4146; x_wconf 93' lang='grc'><strong>1</strong></span> 
     </span>
     <span class='ocr_line' id='line_1_34' title="bbox 280 4175 1524 4268; baseline -0.013 -16"><span class='ocrx_word' id='word_1_256' title='bbox 280 4219 281 4222; x_wconf 42' lang='grc'><strong>“</strong></span> <span class='ocrx_word' id='word_1_257' title='bbox 395 4186 535 4251; x_wconf 88' lang='lat' dir='ltr'><strong>aliorum</strong></span> <span class='ocrx_word' id='word_1_258' title='bbox 551 4185 756 4251; x_wconf 86' lang='lat' dir='ltr'><strong>vallictorum</strong></span> <span class='ocrx_word' id='word_1_259' title='bbox 773 4185 925 4268; x_wconf 87' lang='lat' dir='ltr'><strong>quinque</strong></span> <span class='ocrx_word' id='word_1_260' title='bbox 942 4179 1103 4246; x_wconf 83' lang='lat' dir='ltr'><strong>dictorum</strong></span> <span class='ocrx_word' id='word_1_261' title='bbox 1115 4179 1295 4244; x_wconf 90' lang='lat' dir='ltr'><strong>officiorum</strong></span> <span class='ocrx_word' id='word_1_262' title='bbox 1311 4175 1466 4262; x_wconf 88' lang='lat' dir='ltr'><strong>ponderis</strong></span> <span class='ocrx_word' id='word_1_263' title='bbox 1480 4195 1524 4255; x_wconf 82' lang='lat' dir='ltr'><strong>ge·</strong></span> 
     </span>
    </p>
   </div>
   <div class='ocr_carea' id='block_1_9' title="bbox 373 4283 1524 4378">
    <p class='ocr_par' dir='ltr' id='par_1_10' title="bbox 373 4283 1524 4378">
     <span class='ocr_line' id='line_1_35' title="bbox 373 4283 1524 4378; baseline -0.015 -17"><span class='ocrx_word' id='word_1_264' title='bbox 373 4361 377 4367; x_wconf 82' lang='grc'><strong>,</strong></span> <span class='ocrx_word' id='word_1_265' title='bbox 402 4293 530 4360; x_wconf 82' lang='lat' dir='ltr'><strong>neralis</strong></span> <span class='ocrx_word' id='word_1_266' title='bbox 547 4315 609 4378; x_wconf 87' lang='lat' dir='ltr'><strong>por</strong></span> <span class='ocrx_word' id='word_1_267' title='bbox 625 4313 777 4359; x_wconf 89' lang='lat' dir='ltr'><strong>mensem.</strong></span> <span class='ocrx_word' id='word_1_268' title='bbox 794 4293 845 4357; x_wconf 93' lang='lat' dir='ltr'><strong>De</strong></span> <span class='ocrx_word' id='word_1_269' title='bbox 862 4290 1045 4356; x_wconf 84' lang='lat' dir='ltr'><strong>nominibus</strong></span> <span class='ocrx_word' id='word_1_270' title='bbox 1062 4296 1095 4354; x_wconf 88' lang='lat' dir='ltr'><strong>et</strong></span> <span class='ocrx_word' id='word_1_271' title='bbox 1110 4284 1358 4370; x_wconf 83' lang='lat' dir='ltr'><strong>cognominibus</strong></span> <span class='ocrx_word' id='word_1_272' title='bbox 1376 4283 1524 4368; x_wconf 85' lang='lat' dir='ltr'><strong>predicto·</strong></span> 
     </span>
    </p>
   </div>
   <div class='ocr_carea' id='block_1_10' title="bbox 1596 4267 1598 4374">
    <p class='ocr_par' dir='ltr' id='par_1_11' title="bbox 1596 4267 1598 4374">
     <span class='ocr_line' id='line_1_36' title="bbox 1596 4267 1598 4282; baseline 0 0"><span class='ocrx_word' id='word_1_273' title='bbox 1596 4267 1598 4282; x_wconf 76' lang='lat' dir='ltr'><strong>t</strong></span> 
     </span>
     <span class='ocr_line' id='line_1_37' title="bbox 1596 4361 1598 4374; baseline 0 0"><span class='ocrx_word' id='word_1_274' title='bbox 1596 4361 1598 4374; x_wconf 76' lang='lat' dir='ltr'><strong>t</strong></span> 
     </span>
    </p>
   </div>
   <div class='ocr_carea' id='block_1_11' title="bbox 401 4387 1598 4484">
    <p class='ocr_par' dir='ltr' id='par_1_12' title="bbox 401 4387 1598 4484">
     <span class='ocr_line' id='line_1_38' title="bbox 401 4387 1598 4484; baseline -0.018 -14"><span class='ocrx_word' id='word_1_275' title='bbox 401 4425 473 4470; x_wconf 86' lang='lat' dir='ltr'><strong>rum</strong></span> <span class='ocrx_word' id='word_1_276' title='bbox 505 4402 727 4467; x_wconf 83' lang='lat' dir='ltr'><strong>scutiferorum</strong></span> <span class='ocrx_word' id='word_1_277' title='bbox 761 4408 794 4464; x_wconf 89' lang='lat' dir='ltr'><strong>ct</strong></span> <span class='ocrx_word' id='word_1_278' title='bbox 825 4421 1039 4484; x_wconf 86' lang='lat' dir='ltr'><strong>personarum</strong></span> <span class='ocrx_word' id='word_1_279' title='bbox 1076 4395 1214 4461; x_wconf 84' lang='lat' dir='ltr'><strong>aliarum</strong></span> <span class='ocrx_word' id='word_1_280' title='bbox 1248 4392 1326 4458; x_wconf 85' lang='lat' dir='ltr'><strong>dicti</strong></span> <span class='ocrx_word' id='word_1_281' title='bbox 1353 4388 1483 4473; x_wconf 86' lang='lat' dir='ltr'><strong>hospitij</strong></span> <span class='ocrx_word' id='word_1_282' title='bbox 1498 4387 1524 4450; x_wconf 91' lang='lat' dir='ltr'><strong>in</strong></span> <span class='ocrx_word' id='word_1_283' title='bbox 1596 4397 1598 4408; x_wconf 68' lang='lat'><strong><em>⁴</em></strong></span> 
     </span>
    </p>
   </div>
   <div class='ocr_carea' id='block_1_12' title="bbox 0 0 1657 5236">
    <p class='ocr_par' dir='ltr' id='par_1_13' title="bbox 0 0 1657 5236">
     <span class='ocr_line' id='line_1_39' title="bbox 0 0 1657 5236; baseline 0 0"><span class='ocrx_word' id='word_1_284' title='bbox 0 0 1657 5236; x_wconf 95' lang='lat' dir='ltr'><strong> </strong></span> 
     </span>
    </p>
   </div>
  </div>
 </body>
</html>
