3244 5236
600 381 692 440 1336.
1160 375 1226 436 345

96 575 191 618 nores
208 561 337 620 nostros
353 555 519 638 predictos
537 557 753 636 sernentibus
771 563 804 620 et
818 555 1008 621 infuturum
1020 550 1225 620 Officialibus

95 669 128 726 et
144 661 344 728 Castellanis
369 663 490 728 nostris
514 663 759 746 constituendis,
785 661 891 730 edicto
908 663 1013 746 Regio
1029 662 1224 728 firmissimis

94 769 209 834 damus
240 772 275 834 111
305 770 484 854 preceptis;
522 790 580 834 vos
605 775 714 835 autem
740 772 906 838 dominum
932 768 1223 854 Archiepisoopum

93 873 354 960 strigoniensem
378 876 588 960 requirentes,
614 878 706 945 vobis
733 880 829 944 simul
846 885 879 943 et
895 900 958 943 vna
974 899 1047 943 cum
1062 875 1138 960 alijs
1155 877 1223 957 qui·

92 984 237 1051 buslibet
253 984 397 1050 Prelatis
413 984 646 1066 Ecclesiarum,
671 985 842 1067 nobilibus,
858 987 1042 1068 ceterisque
1058 984 1225 1049 cuiuscun-

94 1115 156 1174 que
182 1092 353 1176 dignitatis
378 1099 410 1157 et
434 1099 541 1159 status
567 1093 750 1159 hominibus
765 1094 870 1159 locum
886 1093 1107 1177 predictorum
1122 1089 1224 1156 tribu·

93 1206 203 1264 torum
229 1199 371 1285 aliquem
397 1200 606 1266 sernentibus
633 1207 664 1266 et
689 1199 884 1267 habentibus
911 1201 1064 1266 similiter
1087 1198 1224 1264 firmiter

93 1307 292 1390 iniungimus
308 1330 367 1392 per
383 1315 560 1392 presentes,
576 1315 736 1392 quatenus
752 1315 863 1375 nostre
880 1308 1049 1392 amplioris
1064 1307 1175 1390 gracie
1191 1311 1224 1372 ct

94 1415 282 1482 dileccionis
306 1416 427 1481 intuitu
452 1416 618 1500 predictas
642 1417 711 1482 vias
736 1416 858 1483 liberas
874 1422 908 1481 et
923 1415 1047 1498 absque
1063 1414 1150 1481 omni
1166 1413 1223 1478 im·
1249 1481 1252 1484 .

94 1523 282 1606 pedimento
307 1547 436 1592 securas
463 1533 496 1592 et
521 1525 674 1609 pacificas
697 1548 757 1610 pro
789 1525 961 1610 prelibatis
986 1523 1223 1590 mercatoribus

95 1653 293 1698 conseruare
319 1632 477 1712 debentia,
501 1653 560 1698 nec
585 1634 674 1718 ipsos
690 1641 887 1699 mercatores
902 1631 1091 1716 aliqualiter
1107 1629 1222 1696 moles·

93 1745 167 1804 tare
183 1747 218 1804 11
233 1741 437 1824 perturbare,
452 1748 509 1806 aut
524 1741 559 1806 in
575 1741 656 1806 locis
671 1741 869 1809 tributorum
884 1739 1041 1824 predictis
1055 1738 1139 1803 vltra
1149 1759 1222 1820 pre·

94 1855 223 1912 tactum
238 1846 369 1914 modum
387 1849 569 1914 exaccionis
585 1847 701 1914 tributi
717 1869 901 1932 eggrauare
921 1855 954 1913 11
970 1845 1134 1930 uirgariari
1150 1868 1221 1929 per·

93 1957 260 2022 mittentes
278 1955 415 2032 faciatis,
432 1956 577 2039 alioquin
589 1953 747 2021 Nostram
763 1956 909 2039 grauiter
920 1953 1090 2020 offendetis
1101 1952 1221 2018 Maies-

94 2070 204 2128 tatem.
221 2063 267 2128 nt
283 2062 342 2128 hec
359 2064 467 2128 omnia
485 2069 518 2130 et
534 2062 664 2146 singula
679 2062 827 2145 predicta
840 2085 898 2146 per
915 2082 970 2126 vos
979 2061 1220 2145 prenominatos

94 2170 188 2238 nobis
212 2171 325 2236 fideles
352 2177 385 2236 11
402 2171 538 2237 dilectos
554 2171 587 2235 in
603 2169 683 2236 foris
699 2176 733 2235 et
747 2170 828 2237 locis
843 2169 979 2254 publicis
996 2177 1027 2234 et
1043 2167 1220 2252 prouincijs

91 2281 241 2344 volumus
267 2279 412 2344 seriatim
437 2279 597 2363 publicari
621 2285 653 2343 11
670 2278 874 2363 proclamari.
897 2278 1022 2344 Datum
1037 2277 1072 2340 111
1088 2275 1220 2359 Wysse-

90 2386 175 2468 grad
201 2387 234 2451 in
259 2386 342 2452 festo
358 2386 621 2471 Epiphaniamm
636 2386 769 2452 Domini
785 2409 871 2452 auno
889 2386 1031 2451 eiusdem
1048 2383 1101 2450 Μῦ
1117 2381 1219 2450 000⁰

90 2493 222 2560 XXXl
239 2499 340 2560 sexto.

172 2658 314 2716 (Eredetie
327 2656 500 2722 bdrhdrtydn
513 2673 529 2708 e
542 2658 692 2722 kirtlynak
702 2659 755 2708 ode
764 2663 892 2722 nyomott
902 2655 1022 2720 pccsetje
1032 2657 1110 2716 alati,
1123 2655 1218 2706 Briinn

90 2747 173 2797 viros
186 2747 398 2810 leveltrirdban.)
961 2747 964 2752 “

618 3127 691 3192 340.
728 3113 735 3130 ‘

88 3287 206 3352 Rodert
224 3288 351 3372 Keiroly
368 3311 505 3374 nerrqpur
518 3289 700 3375 kirdlpnqk
717 3287 867 3353 ue'dleuele
884 3313 922 3352 uz
942 3288 1060 3374 ideque,
1087 3288 1217 3354 1111111111-

252 3418 306 3458 aen
324 3420 344 3460 u
361 3396 767 3481 11110111ιὶφί1111111111
783 3400 942 3461 szemura.
961 3397 1057 3462 1336.

197 3569 344 3638 Karolus
360 3572 423 3638 Dei
440 3574 552 3658 gracia
567 3573 640 3637 Rex
656 3571 828 3655 Hungarie
844 3573 994 3639 fidelibus
1011 3575 1076 3639 suis
1092 3574 1218 3637 uniuer-

85 3677 134 3744 sis
150 3677 303 3762 Prelatis,
330 3681 526 3761 Beronibus
551 3678 746 3764 Comitibus,
772 3679 981 3764 CastellaniS,
1006 3678 1169 3747 nobilibus
1185 3687 1218 3744 et

82 3809 199 3852 eornm
216 3787 420 3871 officialibus,
437 3812 497 3855 1111
513 3811 578 3856 non
589 3790 790 3856 Ciuitatibus
808 3795 842 3855 et
858 3789 971 3855 liberis
982 3787 1076 3871 villis,
1093 3810 1216 3855 earum·

80 3917 148 3978 que
165 3893 375 3977 Rectoribus,
402 3903 435 3961 et
459 3897 658 3982 generaliter
685 3898 826 3964 cuiusuis
845 3902 951 3962 status
969 3902 1003 3960 et
1018 3896 1215 3962 condicionis

78 4002 271 4068 hominibus
296 4004 330 4068 in
345 4003 462 4086 Regno
487 4028 544 4072 suo
572 4006 766 4088 constitutis,
794 4003 909 4088 quibus
926 4010 1092 4087 presentes
1109 4010 1215 4068 osten·

79 4109 213 4192 dentur,
239 4111 376 4178 salutem
403 4121 436 4178 et
462 4115 615 4196 graciam.
649 4113 733 4180 Cum
749 4136 809 4179 nos
825 4135 884 4197 pro
900 4112 1111 4178 commodiori
1127 4117 1215 4177 statu

79 4223 114 4282 et
131 4218 254 4284 utiliori
270 4221 378 4303 Regni
392 4224 495 4286 nostri
512 4222 768 4306 disposuerimus
785 4222 983 4300 ordinantes,
1007 4226 1042 4286 vt
1058 4227 1214 4285 mercato·

79 4349 137 4392 res
153 4327 205 4390 'de
232 4328 347 4395 vicinis
363 4329 498 4414 Regnis,
525 4336 558 4394 11
583 4331 765 4415 specialiter
782 4331 821 4396 de
836 4330 951 4413 Regno
969 4328 1125 4396 Bohemie
1142 4350 1215 4393 cum

82 4454 202 4497 eorum
227 4433 322 4500 rebus
348 4437 647 4504 mercimonialibus
672 4441 707 4503 in
722 4438 873 4522 Regnum
888 4443 1034 4503 nostrum
1051 4437 1216 4502 venientes

81 4563 147 4626 pro
167 4543 360 4627 excessibus,
386 4543 515 4610 offensis
532 4551 565 4611 et
581 4546 701 4612 debitis
719 4545 857 4612 aliorum
873 4551 1091 4612 mercatorum
1106 4547 1215 4634 prohi-
