3174 5236
422 343 463 411 66
775 361 1012 410 nirnomncmm
1031 346 1197 411 mantuan.

417 540 542 626 Quarto
559 541 671 606 Partis
696 549 728 607 et
745 541 888 606 Dimidio
913 543 1016 607 tocius
1033 543 1167 626 Imperii
1184 541 1352 622 Romame,
1378 539 1525 623 recipienti

419 657 451 714 et
476 649 646 733 stipulanti
671 672 731 734 pro
758 672 792 714 se
820 657 852 714 et
869 649 1041 715 Communi
1066 658 1098 715 et
1117 650 1303 714 hominibus
1320 647 1526 725 Veneciamm

418 757 663 837 habitatoribus,
689 757 842 822 subiectis
868 765 898 821 et
925 757 1182 823 districtualibua¹
1207 757 1279 822 suis.
1318 756 1527 820 Promittantes

419 866 562 948 nomine,
575 887 639 948 quo
656 865 777 931 dictum
794 871 851 944 est,
868 866 1054 948 supradicto
1070 866 1201 930 domiuo
1212 864 1297 930 Duci
1308 864 1471 946 recipienti
1481 883 1527 944 pro

421 993 467 1052 se,
483 992 544 1054 pro
554 968 725 1036 Communi
741 977 774 1034 et
789 972 974 1036 hominibus
986 971 1212 1054 Veneciarum,
1229 971 1316 1054 quod
1331 970 1465 1052 predicti
1477 967 1528 1032 fra·

420 1086 488 1142 tres
505 1078 554 1143 vel
582 1078 700 1161 aliquis
726 1100 837 1143 eorum
853 1101 910 1163 per
927 1101 959 1144 se
976 1102 1031 1144 seu
1047 1101 1105 1162 per
1119 1077 1407 1144 hominesAlmisii
1423 1097 1529 1158 aeuper

420 1186 503 1252 ullos
519 1207 630 1251 eorum
646 1187 696 1251 rel
711 1187 849 1252 alicuius
865 1210 974 1253 eorum
992 1189 1136 1253 homines
1154 1187 1308 1268 subditos,
1335 1208 1389 1250 seu
1414 1206 1467 1267 per
1482 1186 1527 1248 ho·

418 1294 532 1376 mines,
557 1293 613 1376 qui
639 1315 673 1358 se
699 1302 903 1377 receptarent
933 1297 966 1359 in
994 1293 1135 1375 Banatu,
1163 1293 1213 1357 vel
1229 1291 1447 1359 Comitatibus
1471 1313 1529 1373 pre-

420 1402 579 1466 dictorum
596 1400 799 1467 dominorum
815 1402 962 1482 fratrum,
979 1425 1034 1467 seu
1050 1403 1084 1466 in
1097 1402 1171 1466 aliis
1184 1423 1294 1466 eorum
1304 1401 1409 1482 terrie,
1426 1401 1473 1464 vel
1483 1399 1530 1463 sub

422 1528 532 1571 eorum
558 1508 610 1572 vel
636 1509 774 1572 alicuius
791 1529 901 1573 eorum
919 1507 1070 1590 dominio,
1095 1529 1158 1572 non
1175 1505 1340 1572 offendent
1356 1495 1415 1568 nec
1431 1504 1531 1568 offendi

422 1616 542 1680 facient
557 1636 615 1679 nec
631 1613 754 1678 offendi
769 1616 955 1701 permittent
972 1617 1005 1679 in
1021 1615 1169 1699 perennis
1184 1614 1234 1679 rel
1251 1614 1348 1678 rebus
1364 1613 1478 1676 dictum
1489 1612 1533 1675 do-

421 1724 556 1787 minium
567 1723 701 1802 Ducem,
712 1722 890 1788 Commune
902 1731 932 1788 et
949 1725 1094 1790 homines
1107 1725 1332 1804 Veneciarum,
1348 1744 1406 1786 nec
1423 1721 1534 1786 habita.

423 1831 648 1910 tores,fideleS‚
665 1832 882 1896 districtnalcs
899 1855 954 1897 seu
971 1834 1117 1898 subditos
1134 1833 1213 1896 dicti
1229 1831 1352 1895 domini
1367 1831 1474 1908 Ducis,
1487 1849 1535 1892 nec

422 1959 481 2001 nec
507 1938 649 2021 aliquam
665 1944 787 2004 terram
806 1961 861 2004 seu
880 1940 986 2004 locum
1003 1941 1175 2005 habentem
1193 1939 1365 2004 Rectorem
1382 1959 1442 2020 pro
1458 1937 1533 2000 dicto

421 2044 553 2109 domino
569 2044 670 2110 Duce.

527 2225 608 2289 (Regi
622 2225 739 2276 masolat
749 2227 922 2290 bttrlitrtyan
941 2242 957 2274 a
971 2226 1043 2276 becci
1059 2224 1176 2279 csaazlri
1191 2227 1280 2275 titkoa
1293 2226 1485 2284 leveltarban).

905 2401 930 2408 ι-
936 2404 1062 2410 *mm-

961 2641 1012 2700 80.

423 2793 555 2862 Grrddei
571 2797 687 2863 Rota-r
713 2823 734 2861 a
759 2799 1026 2884 mopyorornzdpi
1052 2799 1336 2886 ternplomreuclick
1362 2795 1455 2885 epyik
1479 2815 1537 2880 pre·
1577 2807 1579 2816 ’

582 2919 710 2990 ceptoro
729 2905 901 2968 Sicilianm
918 2908 965 2967 tesr
984 2907 1086 2970 vieazc
1103 2907 1274 2990 lrozrtjribo.
1295 2909 1391 2970 1280.

530 3080 693 3164 Scriptum
718 3088 764 3146 ent
790 3081 960 3164 Magistris
988 3082 1176 3145 Portolonis
1202 3080 1324 3165 Apulie
1351 3090 1382 3146 et
1409 3076 1537 3164 Aprutij,

424 3189 510 3270 quod
536 3189 670 3254 tratrem
687 3189 890 3254 Robbcrtuinr
908 3190 947 3253 de
966 3187 1083 3252 (ludrle
1100 3187 1331 3269 Preceptorem
1349 3188 1469 3253 Militie
1484 3187 1538 3250 Do

424 3317 494 3359 mus
511 3295 639 3379 Templi
665 3297 698 3359 in
720 3295 864 3378 Vngaria
882 3295 923 3358 ad
940 3302 1049 3378 partes
1065 3298 1154 3377 ipsas
1170 3295 1358 3359 redeuntem
1377 3317 1448 3360 cum
1464 3291 1537 3375 equi·

424 3408 535 3466 tatura
562 3410 593 3467 et
610 3404 853 3485 quatuordecim
870 3403 1084 3466 lamiliurilms
1101 3403 1166 3466 suis
1183 3409 1241 3466 otc.
1258 3402 1360 3467 libere
1378 3403 1467 3468 exire
1480 3419 1538 3482 per-

421 3512 563 3575 mittant.
612 3508 732 3574 Datum
762 3510 848 3593 apud
873 3511 994 3574 lineum
1022 3509 1184 3574 Pensilem
1209 3509 1387 3577 XXVIII.
1411 3501 1537 3591 Augusti

421 3613 520 3682 VIII.
536 3617 733 3682 indictionis,

528 3797 564 3856 (A
580 3796 718 3859 ›Registri
731 3796 882 3860 Angioini«
899 3798 929 3845 B.
946 3799 987 3846 35.
1001 3813 1038 3846 az.
1050 3797 1116 3862 Reg.
1130 3799 1224 3847 Keroli
1240 3800 1260 3846 I.
1276 3798 1420 3847 klitretebttl
1435 3799 1474 3844 26.
1487 3793 1537 3848 lero

422 3899 453 3934 az
468 3884 543 3934 olcsz
559 3885 651 3946 kirtly
665 3885 775 3934 Grande
788 3886 977 3934 Archivioban
992 3887 1164 3950 Napolybmi.
