3222 5240
675 345 769 416 1326.
1219 347 1282 416 261

161 541 286 593 summa
302 528 468 592 ruciarum
483 529 613 592 centum
628 525 864 610 quinquaginta
894 531 1033 610 quatuor
1050 530 1286 598 conuentanuu

159 634 203 700 eis
234 655 296 718 pro
323 634 453 701 factura
477 632 622 720 predicte
645 633 821 718 sepulture,
846 655 909 717 que
933 633 1005 699 ficri
1031 633 1130 700 debet
1146 635 1180 700 in
1196 632 1286 703 dicta

158 741 307 809 Ecclesia
331 740 452 808 Sancte
475 740 585 808 bieria
609 738 760 830 Dompnc
783 740 911 826 Regino
935 741 976 808 de
1001 739 1286 827 Neapolimque

158 847 257 917 debet
273 868 391 936 corpus
407 848 494 914 dicte
512 846 641 913 domine
657 846 823 928 tumulari,
848 849 957 914 uncias
982 852 1112 914 eentum
1127 853 1283 934 quatuor·

159 955 282 1038 decim;
299 957 436 1022 -item
452 975 512 1039 pro
527 955 632 1019 missis
650 953 883 1022 distribuendis
908 977 969 1042 pro
994 955 1104 1022 anima
1129 955 1214 1024 dicte
1230 954 1286 1020 do·

158 1064 245 1133 mine
260 1063 370 1129 ancias
388 1063 646 1146 quinquaginta,
662 1098 705 1111 -
716 1061 795 1128 item
806 1082 866 1148 pro
878 1061 1005 1130 damnis
1023 1063 1127 1128 illatis
1143 1085 1202 1148 per
1218 1063 1287 1130 ani-

158 1173 260 1239 malia
275 1171 433 1238 massaria
449 1170 612 1240 Vrticelle
638 1171 737 1238 certis
762 1172 909 1240 ecclesiis
936 1178 970 1238 et
995 1170 1070 1239 aliis
1086 1175 1196 1238 ancias
1220 1175 1286 1259 tre·

159 1287 270 1347 centes
287 1280 470 1361 decem3—
486 1280 566 1346 item
581 1299 641 1364 pro
657 1279 840 1366 maritagio·
858 1279 1025 1350 cuiusdam
1040 1277 1158 1366 'puelle
1189 1299 1284 1362 expo·

159 1392 219 1456 site
235 1389 400 1473 inprimis
416 1389 586 1457 cunabulis
603 1389 670 1456 suis
701 1388 880 1456 anteferes
896 1388 1066 1454 domorum
1081 1387 1168 1453 dioto
1184 1407 1285 1470 quon·

159 1498 233 1564 darn
249 1497 387 1580 domine,
402 1517 501 1582 quam
516 1499 590 1582 ipsa
605 1498 738 1563 domina
753 1495 871 1564 lactari
886 1501 919 1560 et
935 1495 1059 1568 nutriri,
1071 1493 1159 1578 fecit,
1175 1492 1286 1560 rncies

159 1605 346 1685 duodecin,
364 1645 403 1654 -
421 1627 482 1690 pro
497 1605 709 1691 reparacione
734 1605 844 1689 pontis
868 1599 1061 1669 Candelarii
1076 1607 1109 1668 et
1124 1600 1285 1666 transitus

158 1715 213 1782 siti
229 1713 345 1780 subtus
361 1720 393 1778 et
407 1735 510 1799 prope
527 1712 651 1778 dictum
676 1716 809 1796 pontem
834 1711 945 1778 uncias
961 1708 1219 1794 quinquaginta3
1235 1741 1280 1756 -

158 1843 217 1906 pro
233 1842 330 1907 opere
344 1822 462 1906 pontis,
493 1821 549 1906 qui
574 1821 615 1886 de
640 1841 725 1885 nouo
752 1819 951 1884 construitur
983 1818 1018 1882 iu
1044 1837 1130 1901 aque
1145 1813 1287 1880 fluminis

160 1928 317 1998 Volturni
333 1950 434 2014 prope
450 1927 569 1994 vallem
599 1927 747 1995 Poauam
777 1928 891 1992 uncias
921 1925 1036 2009 viginti
1067 1925 1227 2010 quinque;
1242 1957 1286 1970 -

157 2059 217 2124 pro
234 2039 445 2121 reparacioue
461 2037 553 2102 vuius
569 2037 620 2102 rie
631 2036 691 2102 site
707 2054 809 2119 prope
820 2031 979 2100 Sanctum
994 2031 1228 2098 Trenorarium
1238 2027 1286 2114 (1)

162 2146 202 2213 dc
219 2142 335 2230 Capua
349 2144 528 2228 periculose
552 2143 691 2209 multum
720 2141 968 2209 transeuntibus
997 2147 1142 2225 tempore
1166 2137 1286 2224 yemali

161 2254 270 2320 rncias
286 2252 489 2336 quindecim
505 2288 548 2299 -
564 2251 643 2318 item
667 2273 726 2335 pro
752 2251 870 2316 tunicis
886 2249 1001 2315 dandis
1016 2245 1215 2334 pauperibus
1229 2267 1286 2310 vn·

161 2361 226 2428 cias
241 2360 400 2444 quinque;
416 2394 460 2409 -
491 2357 620 2426 domine
645 2358 773 2427 Aloisie
804 2359 844 2426 de
875 2357 1024 2425 Bonellis
1053 2355 1147 2423 exori
1162 2353 1285 2421 domini

161 2465 329 2534 Guillelmi
362 2466 403 2532 de
433 2465 597 2534 Peneiaco
636 2465 843 2551 palafredum
874 2487 971 2532 vnum
1002 2464 1065 2532 stb.
1092 2461 1284 2547 (maritagia

161 2574 259 2642 certis
299 2573 492 2642 servitorum
533 2596 665 2640 suorum
695 2574 858 2662 filiabus);
901 2571 1059 2641 Abatisse
1089 2567 1286 2639 Monasterii

160 2681 275 2750 Sancti
290 2681 453 2749 Johannis
468 2682 510 2748 ad
526 2703 617 2749 mare
633 2704 692 2768 pro
708 2683 918 2768 reparatione
934 2680 1119 2750 dormitorii
1144 2679 1287 2748 eiusdem

159 2791 355 2862 Monasterii
371 2791 481 2856 vncias
496 2813 571 2872 sex3
587 2828 631 2840 -
646 2790 775 2860 Abbati
791 2790 984 2858 Monasterii
1010 2788 1124 2856 Sancti
1140 2786 1287 2855 Clemen-

160 2901 203 2966 tis
219 2897 349 2983 Templi
364 2897 498 2966 Domini
514 2899 555 2964 de
570 2900 660 2967 Baro
671 2922 732 2985 pro
743 2897 1045 2985 recompensacione
1056 2895 1287 2964 nonnullorum

158 3007 374 3091 reliquiarum
389 3030 562 3094 corporum
577 3010 759 3078 Beatcrum
782 3009 987 3078 venditarum
1012 3006 1098 3074 dicte
1123 3002 1288 3094 quondam

161 3115 293 3186 domine
308 3117 419 3184 rucias
434 3117 551 3201 viginti
567 3116 628 3186 stb.
645 3119 704 3185 stb.

644 3319 805 3328 ---ι

266 3440 314 3507 Et
329 3439 372 3507 ad
388 3441 546 3508 maiorem
576 3441 757 3510 efficaciam
780 3444 1014 3528 premissorum
1029 3439 1101 3509 Nos
1117 3441 1179 3527 qui·
1189 3463 1290 3526 supra

158 3549 235 3618 Dux
252 3546 409 3616 Calabris
426 3549 580 3634 Illustris,
596 3550 782 3618 Jerusalem
805 3558 840 3618 et
871 3551 983 3619 Sicilie
1000 3552 1079 3618 dicti
1093 3551 1198 3634 Regis
1223 3549 1289 3616 Ro-

159 3657 244 3724 berti
260 3657 508 3742 primogenitus,
524 3659 655 3744 eiusque
672 3660 825 3730 Vicarius
851 3659 1035 3745 Generalis,
1051 3659 1159 3725 omnia
1169 3663 1210 3723 et
1225 3657 1287 3723 sin-

159 3767 240 3850 gula
255 3767 491 3850 suprascripta,
508 3773 668 3850 quatenus
693 3766 782 3834 facta
798 3774 831 3834 et
847 3775 940 3853 gesta
955 3775 1031 3860 sunt
1047 3789 1106 3852 per
1122 3765 1288 3850 predictos

159 3880 374 3958 exequutores
389 3880 601 3959 nostrumque
626 3878 879 3960 ricemgerentes
896 3876 938 3942 ad
954 3877 996 3957 id,
1012 3880 1230 3960 acceptantes,
1248 3875 1288 3940 de

159 3987 379 4049 certanostra
395 3982 533 4048 scientia
548 3983 777 4051 confirmamus
793 3983 984 4052 Vicariatus
1000 3984 1207 4065 auctoritate,
1223 4003 1289 4066 qua

157 4088 333 4174 fungimur,
351 4095 384 4156 et
401 4089 602 4157 ratificamus
618 4099 774 4176 perpetuo
801 4091 951 4157 valitura
969 4091 1067 4160 Vnde
1083 4090 1126 4156 ad
1141 4090 1287 4156 futuram

157 4197 357 4281 memoriam,
372 4203 406 4264 et
420 4197 502 4264 dicti
515 4197 711 4283 Raymundi,
743 4201 900 4267 heredum
924 4203 958 4266 et
982 4221 1204 4268 successorum
1219 4203 1291 4274 eius

159 4307 322 4374 cautelam
352 4314 386 4374 et
416 4308 624 4376 securitatem
654 4315 864 4395 perpetuam,
895 4316 1078 4396 presentem
1113 4310 1287 4397 apodixem
1375 4321 1382 4332 “

159 4414 268 4482 finalis
293 4416 474 4504 quietantia
498 4417 614 4486 exinde
639 4418 711 4489 fieri
731 4418 896 4506 jussimus,
921 4419 1025 4491 nostri
1040 4419 1145 4491 Ducis
1169 4441 1288 4512 magno
