3244 5236
445 314 509 382 368
807 330 1039 386 υῐνωκᾼοκηι
1056 322 1222 389 amuranus.

439 496 610 562 Benedicti
625 494 718 580 Papa
734 482 929 562 Duodecimi
961 518 1046 564 anno
1063 501 1189 581 quinto.
1215 501 1256 568 In
1271 501 1442 587 presencia
1458 514 1549 574 nostru

440 603 572 671 Notarii
589 601 788 688 infrascripti
805 610 837 668 et
853 603 986 673 testium
1002 605 1261 692 subscriptorum
1278 633 1389 680 coram
1406 615 1548 681 Reueren-

437 712 489 779 dis
505 712 582 778 viris
598 711 738 777 dominis
754 707 927 777 Galhardo
944 711 984 779 dc
1002 710 1197 782 Carceribus
1208 717 1379 802 Proposito
1390 719 1549 806 Tytuleusi,

438 841 477 886 ac
492 820 591 887 Petro
607 816 758 886 Gervasii
775 815 941 886 Canonico
966 818 1139 888 Aniciensi
1164 829 1334 893 constituti
1358 829 1550 895 honorabiles

438 934 471 994 et
485 927 620 993 discreti
635 928 696 992 viri
713 948 751 992 sc
767 926 889 994 domini
914 925 1076 1012 Magister
1102 929 1269 999 Martinus
1294 934 1481 1003 (laconicus
1502 938 1549 1003 Ec·

437 1035 532 1102 clesie
547 1035 761 1104 Waumiensis
777 1040 811 1100 et
826 1034 993 1102 Plebanus
1009 1036 1228 1124 Elhingensis,
1237 1041 1262 1106 J
1263 1042 1383 1109 acobus
1399 1043 1549 1110 Plebanus

438 1144 473 1208 in
489 1139 727 1209 Arnoldisdorf
738 1138 923 1210 Culmcnsis
939 1141 1107 1230 Dyocesis,
1117 1145 1281 1235 Magister
1290 1148 1409 1216 Bando
1420 1147 1550 1217 Clericus

435 1251 697 1317 Pomezanicnsis
728 1249 904 1335 Dyoccsis,
933 1254 1191 1335 protestscioncs
1221 1255 1369 1325 fecerunt
1400 1259 1549 1343 Magistro

434 1359 581 1426 Martino
596 1358 725 1444 prefato
740 1357 888 1424 dicente:
904 1357 1089 1426 Reverendi
1101 1361 1243 1430 Domini.
1254 1367 1324 1432 Nos
1333 1373 1548 1449 protestamur,

434 1467 524 1554 quod
539 1466 698 1551 quidquid
714 1487 774 1550 pro
790 1473 885 1549 parte
901 1465 1106 1534 dominorum
1125 1479 1312 1539 nostrorum
1342 1495 1455 1540 coram
1471 1475 1547 1540 uobis

433 1577 554 1644 facturi
569 1577 621 1643 vel
636 1575 756 1642 dicturi
773 1596 893 1658 sumus,
909 1596 969 1660 per
982 1577 1045 1643 hoc
1062 1600 1126 1643 non
1153 1580 1352 1648 intendimus
1368 1585 1403 1648 in
1419 1605 1474 1650 uos
1488 1589 1546 1649 tsn-

432 1708 532 1771 quam
547 1686 581 1750 in
596 1683 622 1750 J
623 1684 732 1750 udices
748 1685 942 1766 consentire,
966 1706 1025 1750 nec
1040 1707 1100 1768 per
1116 1707 1164 1770 es,
1180 1710 1242 1771 que
1266 1710 1378 1756 coram
1394 1691 1483 1757 vobis
1497 1711 1546 1774 per

432 1816 491 1861 nos
506 1795 638 1860 inantea
652 1793 731 1858 fient
755 1791 807 1856 uel
830 1789 902 1858 ficri
927 1793 1126 1876 contingent
1152 1794 1348 1862 intendimus
1374 1799 1546 1864 recederes

431 1902 595 1986 prefectis.
610 1899 657 1965 Et
672 1899 773 1983 paulo
788 1905 861 1982 post
877 1898 1027 1968 dominus
1042 1898 1067 1964 J
1069 1901 1189 1967 acobus
1207 1903 1378 1986 predictus
1395 1904 1548 1986 quandam

432 2009 695 2094 appellationem,
711 2005 795 2072 alias
811 2026 869 2090 per
885 2027 957 2072 eum
983 2006 1210 2092 interpositam
1225 2009 1392 2078 innovavit
1408 2019 1441 2080 et
1454 2012 1548 2078 denuo

431 2114 638 2199 interposuit,
661 2120 694 2179 et
724 2113 893 2196 apostolos
926 2114 1032 2197 primo
1065 2116 1205 2182 secundo
1236 2122 1269 2183 et
1286 2119 1397 2200 tercio,
1428 2127 1546 2186 etcum

429 2225 593 2292 instancia
617 2223 723 2307 peciit.
739 2221 851 2290 Tenor
875 2229 983 2290 autam
1016 2225 1249 2309 appellationis
1275 2230 1424 2311 sequitur
1449 2230 1482 2295 in
1497 2229 1547 2294 hec

430 2335 537 2401 uerba.

536 2440 579 2506 In
594 2441 723 2506 nominc
738 2438 873 2506 Domini
898 2440 1015 2507 Amen.
1041 2438 1124 2507 Oum
1149 2444 1184 2508 in
1200 2462 1433 2528 oppressorum
1455 2443 1547 2510 subsi-

428 2547 520 2616 dium
535 2548 770 2634 appellationis
786 2547 964 2614 remedium
980 2551 1024 2616 sit
1048 2549 1181 2634 provide
1196 2569 1255 2635 per
1270 2550 1391 2619 Sacros
1408 2551 1547 2619 Canones

429 2658 624 2738 institutum,
654 2655 776 2721 idcirco
802 2678 863 2739 ego
888 2657 1036 2724 Jacobus
1063 2657 1231 2725 Plebanus
1255 2659 1289 2724 in
1319 2657 1549 2726 Arnoldisdori

429 2764 613 2834 Oulmensis
629 2763 795 2850 Dyoccsis,
820 2773 1015 2848 procurator
1040 2773 1086 2831 et·
1101 2766 1239 2832 nuncius
1258 2768 1408 2852 specialis
1426 2767 1548 2850 Magni·

427 2871 480 2940 fici
497 2880 530 2940 et
544 2873 706 2957 Religiosi
735 2870 858 2938 domini
890 2871 1087 2939 Theoderici
1118 2875 1160 2940 de
1192 2873 1390 2960 Aldenburg
1420 2873 1549 2941 Ordinis

427 2981 613 3067 Hospitalis
629 2978 749 3046 Sancte
765 2977 873 3044 Maris
903 2978 1030 3044 Domus
1062 2978 1344 3048 Theutouicormn
1368 2980 1548 3047 Jerusalem

425 3090 582 3175 Magistri
596 3081 785 3167 Generalis,
816 3107 854 3152 ac
885 3083 1186 3172 Oompreccptorum
1211 3096 1242 3154 ct
1267 3085 1408 3156 fratrum
1424 3109 1548 3156 suorum

425 3199 553 3264 nomine
569 3193 792 3280 procuratorio
808 3195 1008 3260 constitutus
1024 3216 1136 3262 coram
1152 3197 1243 3264 uobis
1260 3196 1505 3263 honorabilibus
1517 3201 1548 3259 et

426 3305 628 3372 Reuerendis
645 3303 722 3366 uiris
748 3306 781 3366 ct
798 3301 936 3367 dominis
962 3299 1135 3368 Galbardo
1162 3303 1202 3370 de
1218 3301 1415 3371 Oarccribus
1431 3303 1548 3388 Prcpo·

423 3416 487 3479 sito
503 3412 684 3497 Tytulensi‚
699 3431 738 3476 ac
753 3409 858 3475 Petro
885 3407 1034 3475 Geruasii
1059 3408 1227 3480 Canonico
1242 3411 1421 3492 Aniciensi,
1453 3409 1547 3478 saluis

422 3519 715 3606 protestacionibus
739 3538 821 3603 quas
844 3516 987 3600 premisl,
1013 3539 1160 3602 propono
1185 3528 1217 3585 et
1242 3518 1324 3601 dico,
1341 3521 1428 3605 quod
1445 3519 1547 3586 vosin

420 3629 624 3714 causisque
656 3624 747 3693 uobis
773 3647 793 3692 a
818 3622 1030 3691 Sanctissimo
1058 3625 1162 3693 Patre
1186 3635 1220 3693 et
1249 3628 1401 3708 Domino,
1418 3627 1546 3693 domino

420 3738 601 3806 Benedicto
617 3737 713 3820 Papa
729 3734 930 3800 Duodecimo
956 3733 1000 3800 ad
1025 3734 1285 3818 supplicaciones
1312 3743 1345 3801 et
1369 3736 1546 3821 suggestio·

417 3870 474 3915 nes
490 3843 658 3929 Magnifioi
675 3842 839 3926 Principis
855 3842 978 3908 domini
994 3841 1154 3908 Kazimiri
1170 3843 1272 3927 Regis
1303 3843 1459 3926 Polonie;
1476 3863 1544 3909 nec·

417 3977 481 4022 non
498 3950 684 4021 Reverendi
700 3951 805 4034 patris
822 3948 945 4016 domini
961 3949 1108 4015 Janiulai
1133 3947 1361 4035 Arcbicpiscpi
1379 3949 1544 4022 Gneznen·

417 4066 463 4131 sis
474 4063 676 4131 commisisse
686 4061 853 4126 dicentur:
870 4060 947 4126 licet
964 4061 1005 4126 ob
1016 4062 1237 4127 reverenciam
1248 4059 1342 4127 Sedis
1353 4058 1542 4146 Apostolice

416 4174 503 4257 ipsas
522 4170 762 4238 commissiones
779 4189 836 4233 vos
852 4167 1033 4234 necessario
1051 4165 1222 4235 habebatis
1240 4167 1420 4253 suscipere;
1436 4176 1543 4235 tamen

416 4304 482 4348 non
497 4279 668 4348 debebatis
684 4279 773 4361 ipsas
789 4284 857 4343 tam
874 4275 1017 4342 faciliter
1034 4276 1218 4360 admittere,
1228 4298 1287 4344 nec
1297 4298 1353 4344 eas
1368 4277 1403 4343 in
1418 4277 1542 4346 detrac·
1592 4299 1600 4318 ·

413 4391 538 4456 cionem
554 4388 639 4454 fame
655 4386 860 4452 dominorumu
877 4407 1031 4467 meorum,
1047 4385 1184 4450 maxime
1201 4384 1246 4450 eis
1262 4407 1324 4452 non
1344 4388 1470 4454 uocatis
1486 4407 1540 4451 nee

411 4517 470 4586 per
485 4495 722 4563 contumaciam
738 4493 929 4560 absentibus
955 4492 1125 4578 publicare
1141 4491 1258 4574 facere,
1275 4515 1465 4560 neccarum
1482 4495 1540 4560 uir·
