3174 5236
768 359 1003 406 omrronnoznn
1021 341 1190 409 animuin.

943 649 1015 710 115.

413 805 464 870 ΙΙ.
483 805 609 891 Kdroly
625 805 752 871 sicilici
768 807 883 894 ttruty
902 807 1025 886 Ldszld,
1041 807 1155 872 Istodn
1171 808 1258 872 azert
1271 807 1384 894 tiraty
1400 805 1451 891 fla
1474 808 1530 870 aad·
1586 838 1587 853 ÷

412 917 509 978 mera
525 915 703 999 meqcrdu'ti
718 915 852 978 Murtelt
869 915 1065 1001 Kdrolyaok
1091 914 1279 981 szlavonice
1294 918 1450 1002 tdrqyozd
1464 915 1530 979 odo

846 1026 990 1109 mdnydt.
1015 1024 1112 1087 1292.

520 1161 666 1228 Karolsm
697 1162 867 1230 Secundus
897 1169 957 1230 etc.
988 1165 1146 1231 uniuersis
1171 1185 1305 1248 presens
1337 1163 1530 1249 priuilegium

416 1269 621 1353 inspecturis.
638 1269 722 1336 Oum
738 1270 932 1339 dcuotorum
955 1278 1143 1338 nostrorum
1168 1271 1287 1337 merita
1312 1271 1448 1354 benigne
1472 1289 1529 1335 res
1586 1294 1587 1297 ¹

411 1377 567 1460 picimus3
582 1400 637 1444 eos
654 1379 688 1443 in
704 1377 852 1444 solidiori
868 1380 1042 1446 deuotione
1057 1379 1234 1461 firmamus,
1250 1386 1283 1445 et
1308 1379 1401 1444 adid
1417 1378 1527 1444 anima·

413 1503 484 1548 mus
500 1482 581 1551 alios
606 1506 665 1569 per
695 1485 885 1569 exemplum.
917 1485 1172 1552 Considerantes
1203 1487 1306 1570 igitur
1337 1485 1530 1552 deuotionem

413 1593 582 1673 sinceram,
598 1614 697 1676 quam
714 1594 764 1657 vir
781 1592 899 1658 nobilis
916 1593 1091 1660 Ladislaus
1110 1592 1198 1658 filius
1214 1594 1447 1677 primogenitus
1460 1593 1532 1658 Illu-

412 1701 488 1764 stris
505 1698 669 1783 Principis
686 1698 845 1783 Stephani
860 1699 964 1784 Regis
979 1701 1096 1766 Seruio
1115 1703 1216 1782 gessit
1231 1699 1274 1766 ab
1290 1702 1447 1766 hactenus
1462 1721 1533 1782 erga

411 1827 473 1880 noe
487 1813 522 1873 ct
537 1809 622 1890 gerit
636 1807 679 1873 ad
695 1828 846 1891 presens,
869 1809 1082 1874 actendentes
1113 1808 1220 1887 etiam,
1244 1809 1333 1892 quod
1358 1809 1430 1892 ipse
1453 1809 1533 1874 circa

414 1915 552 1980 seruitia
568 1913 688 1980 Karoli
704 1915 914 1998 primogeniti
939 1916 1043 1981 nostri
1068 1915 1172 1998 Regis
1190 1915 1346 1999 Vngarie,
1372 1915 1527 1998 Principis

412 2021 623 2106 Salernitani,
639 2029 673 2088 et
687 2021 832 2088 Honoris
847 2021 972 2088 Montis
990 2023 1103 2090 Sancti
1119 2022 1241 2106 Angeli
1272 2021 1414 2103 Domini,
1429 2022 1463 2087 in
1486 2041 1531 2086 oc·

413 2129 590 2213 quisitione
606 2130 686 2194 dicti
700 2129 809 2215 Regni
825 2130 875 2194 sui
892 2128 1040 2213 Vngarie
1056 2129 1203 2195 efficacia
1220 2132 1397 2213 operaiam
1407 2129 1533 2194 laudan·

414 2237 464 2302 dir
482 2238 650 2321 principiis
666 2240 815 2322 prestitit
831 2245 864 2303 ct
880 2244 1029 2322 prestare
1045 2238 1168 2322 poterit
1183 2237 1217 2303 in
1234 2236 1391 2317 futurum,
1416 2239 1457 2304 de
1472 2257 1535 2320 spe

413 2343 489 2409 ciali
505 2347 614 2428 gratia
631 2351 664 2410 et
679 2353 769 2411 certa
785 2347 923 2411 scientia
940 2345 1148 2428 concessioni,
1164 2345 1335 2411 donationi
1366 2352 1400 2410 et
1425 2344 1534 2410 confir·

413 2454 559 2535 motioni,
570 2449 841 2520 eidemIradislao
857 2459 891 2516 et
906 2452 1081 2519 heredibus
1097 2473 1137 2518 ac
1156 2453 1396 2519 successoribus
1411 2453 1535 2538 quibus·

413 2579 539 2641 cunque
555 2581 595 2624 ex
610 2582 648 2626 eo
664 2560 808 2644 legitime
826 2561 1097 2629 descendentibus
1113 2561 1200 2628 facte
1217 2582 1276 2645 per
1291 2560 1457 2645 prefatum
1473 2561 1533 2625 Ka·

411 2667 517 2734 rolum
537 2668 790 2753 primogenitum
822 2673 971 2734 nostrum
1001 2668 1127 2753 Regem
1158 2668 1306 2752 Vngoric
1338 2669 1378 2734 de
1408 2667 1533 2733 Ducatu

411 2773 603 2858 Sclauonie,
620 2782 731 2860 preter
746 2782 854 2841 terras
870 2798 953 2861 quas
970 2777 1117 2860 possidet
1126 2775 1306 2842 Radislaus
1323 2775 1437 2841 Banus
1469 2796 1534 2840 cum

411 2881 573 2949 iratribus
589 2883 675 2964 suis;
691 2890 801 2966 preter
817 2885 919 2949 etiam
934 2890 1044 2950 terras
1071 2903 1153 2966 quas
1178 2890 1291 2949 tenent
1314 2890 1348 2949 et
1371 2883 1535 2966 possident-

413 2990 501 3070 inira
516 2991 686 3060 Ducatum
700 2991 886 3074 predictum
904 2987 1051 3058 Comites
1067 2990 1238 3057 Iohannes
1255 2992 1295 3057 de
1321 2987 1439 3074 Vegla,
1471 2990 1535 3056 Mo

411 3098 511 3164 dursa
527 3103 561 3162 et
575 3095 747 3164 Vinodolis
763 3117 824 3161 con
839 3098 942 3162 fratrc
952 3117 1021 3178 suo,
1037 3104 1069 3162 et
1085 3095 1201 3164 Oomes
1213 3098 1362 3182 Duymus
1373 3096 1535 3163 consobri-

413 3225 473 3269 nus
489 3203 594 3270 irater
608 3201 751 3270 eiusdem
769 3200 906 3271 Comitis
921 3202 1087 3270 Johannis
1104 3203 1220 3271 Oomes
1237 3204 1382 3270 eiusdem
1397 3203 1536 3270 Comita-

411 3319 467 3377 tus
498 3311 649 3393 tenendo,
679 3309 830 3393 regendo,
861 3310 1019 3396 babendo.
1044 3317 1078 3377 et
1117 3311 1314 3394 possidendo
1346 3332 1405 3396 per
1433 3312 1537 3395 ipsum

410 3417 598 3484 Ladislaum
614 3424 648 3482 et
663 3415 769 3482 dictos
787 3417 923 3484 heredes
939 3439 1015 3484 suos
1032 3419 1074 3484 ad
1100 3439 1213 3484 eorum
1244 3419 1466 3484 omnimodam
1489 3440 1536 3484 vo·

411 3526 590 3606 luntatem;
605 3525 698 3589 iuxta
714 3525 802 3608 quod
818 3525 852 3590 in
868 3527 1041 3611 priuilegio
1071 3525 1192 3610 prefati
1224 3526 1348 3593 Karoli
1380 3528 1537 3611 primoge-

412 3634 474 3699 niti
491 3632 595 3698 nostri
613 3633 818 3715 continetur;
833 3640 982 3700 nost-rum
997 3633 1138 3716 benigne
1163 3640 1347 3719 prestamus
1363 3655 1537 3712 assensum,

409 3742 581 3824 dictasque
597 3741 847 3824 concessionem,
863 3740 1072 3808 donationem
1088 3748 1122 3807 ct
1137 3742 1412 3809 confirmationem
1446 3743 1537 3809 recti·

407 3849 542 3916 ficamus
558 3854 591 3915 et
607 3857 823 3932 acceptamus,
839 3869 878 3914 ac
902 3851 1062 3933 presentis
1093 3852 1198 3915 nostri
1224 3851 1388 3935 priuilegij
1420 3852 1537 3917 roboro

410 3957 653 4024 communimus·
686 3956 726 4021 In
744 3957 835 4022 cuins
852 3959 900 4021 rei
937 3958 1158 4022 testimonium
1184 3965 1244 4022 etc.
1270 3956 1397 4023 Datum
1422 3957 1540 4024 Brino·

408 4068 461 4132 nie
477 4063 531 4131 die
548 4063 687 4132 XVIII.
703 4065 850 4148 Augusti
868 4063 908 4130 V.
925 4063 1124 4131 indictionis.

434 4203 437 4208 ·
519 4171 651 4240 Similes
667 4170 752 4236 facte
769 4177 844 4236 sunt
860 4172 968 4253 sigillo
985 4171 1113 4236 domine
1129 4171 1257 4256 Regino
1274 4171 1383 4239 uerbis
1416 4192 1538 4256 compe·

408 4285 516 4345 tenter
531 4279 665 4344 mutatis
683 4285 715 4344 vt
733 4300 842 4362 supra.
859 4278 983 4343 Datum
1000 4285 1033 4344 vt
1051 4301 1161 4361 supra.

516 4422 551 4482 (Δ
566 4423 866 4488 ›Reginriengioini‹
882 4423 910 4470 O.
926 4428 967 4475 59.
983 4423 1236 4474 salidtetdbdlds.
1261 4422 1279 4470 l.
1307 4422 1425 4486 owing,-
1452 4439 1480 4472 u.
1505 4424 1538 4488 o.)

892 4581 1052 4592 ιη’-...ι-
