3234 5238
714 283 947 330 arruonsozmr
973 261 1142 330 sundran.

906 450 957 508 55.

432 608 461 669 Ι.
479 608 606 693 Kdroly
623 631 693 670 ezra
711 607 849 691 ttppdeni
865 605 1050 672 lctiveteinelc
1067 606 1205 689 mephizd
1221 603 1322 668 letale.
1338 605 1430 667 1277.

475 744 1494 832 Decredentiapropaceprediotafirmaada

474 855 641 939 Scriptum
658 863 708 920 est
724 857 883 922 uniuersis
900 856 1085 922 Beronibus
1113 853 1260 937 Vngarie
1277 852 1404 918 dilectis
1421 856 1496 918 ami-

367 963 413 1026 cis
431 963 509 1042 suis,
526 962 613 1046 quod
631 986 703 1028 oum
737 984 794 1029 nos
822 985 920 1048 super
945 967 1124 1029 tractatum
1149 963 1237 1046 pacis
1264 961 1350 1026 inter
1376 959 1495 1044 Regem

367 1069 519 1152 Vngarie
540 1069 641 1134 lilium
658 1077 801 1135 nostrum
823 1071 1035 1150 carissimum,
1051 1075 1085 1134 et
1101 1067 1225 1152 Regem
1244 1067 1391 1147 Boemie‚
1416 1089 1495 1132 com·

366 1176 484 1261 plendo
510 1181 610 1259 atque
636 1177 797 1243 lirmando
819 1177 1022 1244 uenerabiles
1052 1183 1164 1260 patres
1185 1175 1223 1242 F.
1239 1175 1493 1260 'l'ragnnensem

367 1293 400 1351 et
431 1285 469 1348 P.
502 1285 795 1370 Capudaquensem
812 1286 993 1369 Episcopos
1036 1283 1259 1367 consiliarios,
1290 1291 1324 1350 et
1353 1284 1493 1350 nobilem

366 1395 471 1457 sirum
499 1391 683 1459 (luidonem
701 1393 741 1458 de
768 1392 866 1461 Valle
893 1392 1061 1459 Grinuosa
1087 1394 1233 1474 militem,
1258 1391 1439 1458 familiares
1466 1399 1495 1456 et

372 1500 484 1566 fideles
501 1507 629 1565 nostros
647 1502 794 1583 dilectos,
811 1503 854 1567 ad
871 1501 981 1584 Reges
999 1503 1128 1566 eosdem
1146 1502 1335 1586 specialiter
1363 1501 1493 1566 distine-

290 1666 293 1673 .
368 1631 459 1676 mus:
476 1610 681 1674 nobilitatem
700 1618 841 1675 uestram
859 1631 1021 1694 rogamus,
1037 1617 1197 1694 quatenus
1223 1611 1312 1674 circa
1337 1610 1435 1674 fidem
1465 1615 1495 1673 et

372 1717 577 1781 deustionem
608 1717 747 1800 predicti
775 1718 834 1801 filij
860 1721 962 1782 nostri
998 1725 1187 1783 constanter
1213 1724 1246 1781 ct
1287 1716 1495 1782 laudabiliter

370 1826 589 1908 persistentes
605 1825 760 1906 predictis
777 1824 948 1908 Episcopis
965 1830 998 1888 et
1023 1824 1134 1904 militi,
1151 1831 1209 1889 ant
1234 1824 1363 1890 duobus
1388 1847 1428 1889 ex
1454 1827 1495 1889 eis

374 1932 401 1996 si
417 1932 458 1996 ad
487 1928 522 1995 id
547 1951 658 1994 omnes
685 1932 841 1995 interesse
868 1932 1086 2014 nequiuerint,
1112 1931 1210 1996 fidem
1238 1932 1347 1997 velitis
1374 1934 1406 1996 iu
1428 1933 1496 2014 hijs,

374 2058 435 2121 quc
451 2037 544 2102 robis
561 2059 659 2121 super
676 2038 787 2103 eadem
804 2060 884 2122 pace
901 2037 941 2102 dc
974 2047 1069 2122 parte
1095 2047 1208 2104 nostra
1225 2039 1409 2121 retulerint,
1435 2040 1496 2124 ple·

371 2129 499 2210 nariam
531 2145 698 2210 adhibere.
738 2144 865 2210 Datum
908 2145 1050 2231 Viterbij
1078 2146 1196 2214 XXV.
1223 2145 1430 2232 Septembris
1459 2145 1496 2210 V.

373 2253 568 2318 indictionis

483 2397 518 2453 (Α
535 2396 673 2459 »Registri
688 2398 838 2462 Angioini«
854 2398 887 2446 U.
902 2399 944 2446 25.
965 2413 1001 2448 sz.
1016 2399 1083 2461 Reg.
1099 2397 1196 2447 Karoli
1223 2398 1244 2445 1.
1265 2397 1408 2448 horettbul
1437 2405 1494 2450 213.

374 2483 425 2532 lev.
440 2500 447 2543 ,·
460 2500 487 2533 u.
501 2487 536 2546 ο.)

858 2667 1019 2678 nnana—.-

914 2904 965 2966 56.

373 3059 402 3126 Ι.
420 3061 546 3148 Kdrolp
561 3061 691 3128 sicilici
707 3065 885 3149 lcirdlpnalr
903 3087 934 3128 ez
950 3061 1090 3148 dppdeni
1102 3038 1199 3130 levele
1215 3049 1238 3130 Ῐ
1245 3065 1278 3134 V.
1297 3062 1416 3135 Mszld
1431 3087 1496 3132 ruo⁴

738 3193 823 3258 pyus
840 3172 1020 3258 birdlpboz.
1039 3175 1134 3240 1277.

483 3310 568 3375 Item
594 3313 750 3395 scriptum
786 3319 836 3376 est
866 3309 1052 3379 Excellenti
1083 3321 1116 3380 et
1148 3317 1323 3400 magnifico
1356 3315 1496 3400 Principi

376 3416 506 3481 domino
522 3417 681 3482 Ladizlao
698 3418 760 3482 Dei
778 3421 889 3502 gratia
906 3421 1061 3504 Vagarie,
1076 3422 1255 3502 Dalmatie,
1266 3421 1409 3508 Oroatia
1424 3422 1497 3489 Gal·

377 3523 459 3605 licie‚
491 3521 603 3602 Rome,
646 3523 813 3605 Cumania,
859 3526 1082 3612 Bulgarieque
1114 3528 1202 3613 Regi
1235 3529 1408 3598 karissimo
1437 3531 1498 3596 filio

377 3651 434 3696 suo
454 3636 514 3696 etc.

483 3736 623 3803 Nouerit
638 3736 845 3806 Excellentia
862 3735 992 3823 Vestra,
1008 3740 1096 3827 quod
1112 3765 1185 3810 oum
1212 3741 1282 3813 Vos
1315 3753 1348 3812 et
1372 3746 1497 3828 Magni·

375 3847 455 3909 licus
471 3844 628 3926 Princeps
645 3843 794 3911 dominus
821 3845 860 3912 0.
886 3847 958 3913 Rex
985 3847 1119 3914 Boemie
1144 3849 1285 3917 illustris
1313 3874 1410 3938 super
1434 3853 1494 3917 dis·

376 3951 509 4034 cordijs,
525 3972 588 4034 que
605 3957 776 4017 vertuntur
792 3955 834 4018 ad
850 3955 998 4038 inuicem,
1015 3957 1309 4024 condescendentes
1325 3962 1367 4027 ad
1392 3979 1498 4044 pacem
1520 3945 1522 3948 ⁵

334 4107 340 4118 .
378 4065 440 4122 etc.
456 4065 491 4122 vt
507 4079 613 4140 supra.
629 4058 755 4124 Datum
772 4069 805 4127 vt
821 4083 928 4146 supra.

486 4186 520 4245 (A
538 4187 676 4250 »Registri
693 4188 843 4251 Angiotni›
859 4191 892 4240 U.
907 4191 1004 4254 vagyis
1019 4195 1062 4241 25.
1077 4205 1114 4241 ez.
1125 4189 1193 4258 Reg.
1210 4196 1309 4246 Karoli
1326 4197 1346 4247 Ι.
1361 4193 1497 4248 scaram

379 4275 437 4320 213.
465 4275 539 4336 lev.;
566 4290 592 4323 u.
619 4279 655 4338 o.)

868 4417 921 4431 dan—-
957 4420 1022 4432 anui-d
