3222 5240
605 387 700 456 132⁷.
895 425 900 432 -
1149 391 1215 454 265

4 651 6 658 y
93 563 176 636 solus
200 565 319 634 Comes
334 561 455 631 habeat
478 564 618 632 liberum
635 565 816 649 arbitrium,
833 565 1038 651 procedendo
1054 572 1163 634 tamen
1180 567 1214 638 in

4 717 5 758 3
91 676 135 741 eis
159 674 335 740 secundum
350 672 488 740 formam
512 678 709 740 statutorum
725 671 914 740 Communis
934 673 1083 758 Spoleti:
1100 681 1133 740 et
1148 696 1214 743 non

91 785 191 869 possit
215 785 251 848 in
269 780 516 849 condemnando
536 780 692 848 excedere
708 781 846 850 formam
862 789 1060 850 statutorum
1076 783 1215 868 Spalati,

4 877 6 950 ἕ
91 891 145 956 sed
159 910 262 976 penas
279 892 313 958 in
329 891 409 974 ipsis
426 891 558 958 statutis
574 894 744 956 contentas
760 897 793 956 et
808 912 980 975 expressas
996 894 1146 977 mitigare
1162 912 1215 958 va-

4 997 7 1070 ἶ
90 998 248 1066 leatsicut
263 999 326 1065 sibi
343 996 515 1079 videbitur,
531 995 645 1064 habito
662 1005 811 1084 respectu
826 999 870 1064 ad
885 999 1090 1068 conditiones
1105 1021 1215 1087 perso·

4 1175 5 1180 ,
91 1129 204 1174 aarum
228 1113 262 1171 et
286 1126 475 1173 excessuum
490 1109 752 1188 commissorum
767 1128 878 1173 verum
894 1110 928 1172 in
944 1107 1112 1187 incendiis,
1128 1107 1214 1172 fran-

92 1214 242 1296 dulentis,
265 1213 465 1296 homicidio,
479 1213 576 1280 furtis
601 1219 634 1280 et
658 1214 899 1300 proditionibus
925 1215 1078 1282 Ciuitatis
1094 1214 1216 1281 habeat

4 1319 6 1396 ᾖ
90 1323 229 1389 liberum
253 1321 426 1387 arbitrium
451 1321 539 1390 solus
560 1320 685 1404 Comes,
701 1323 786 1388 sieut
802 1343 858 1388 sue
873 1322 1066 1388 discretioni
1081 1343 1217 1406 appare·

92 1429 145 1496 bit
160 1430 321 1496 Preterea
337 1430 444 1496 dietus
461 1430 580 1498 Comes
605 1431 710 1498 iturus
725 1429 898 1517 Spalatum
914 1431 1034 1497 habeat
1049 1435 1082 1496 et
1097 1430 1216 1496 habere

4 1543 6 1620 t
92 1537 210 1604 debeat
233 1560 254 1603 a
269 1534 442 1604 Communi
458 1535 589 1622 Spalati
603 1559 663 1620 pro
680 1556 740 1604 suo
755 1538 877 1606 salario
894 1536 1041 1622 quolibet
1056 1558 1142 1604 anno
1157 1535 1217 1603 lib·

4 1663 6 1740 t
92 1667 144 1712 ras
169 1645 259 1712 milla
280 1645 435 1712 duosntas
451 1646 495 1711 ad
509 1666 641 1731 paruos,
656 1646 845 1730 recipiendo
862 1646 1062 1712 solucionem
1077 1644 1121 1712 ad
1134 1644 1217 1712 raoi·

4 1767 6 1774 ’
92 1775 186 1821 onem
210 1754 253 1821 de
277 1754 422 1820 denariis
447 1756 586 1838 triginta
602 1755 728 1821 duobus
743 1776 803 1839 pro
820 1753 968 1840 quolibet
982 1771 1106 1838 grosso,
1122 1758 1157 1819 et
1171 1754 1216 1818 ni·

92 1860 139 1928 hil
165 1861 257 1928 aliud
275 1861 397 1928 habere
412 1864 525 1947 possit,
541 1862 598 1929 sed
614 1882 725 1929 omnes
740 1861 890 1930 redditus
905 1868 939 1929 et
953 1862 1106 1928 introitus
1122 1859 1219 1928 Gom·

4 2013 6 2072 ᾖ
92 1970 200 2036 munis
226 1969 364 2054 Spalati,
380 1975 414 2036 et
437 1970 678 2038 iurisdictiones
704 1975 737 2036 et
760 1972 869 2038 banna
884 1977 917 2038 et
931 1969 1218 2038 condemnationes

92 2077 270 2146 deneniant
285 2079 319 2144 in
330 2079 452 2145 dietum
463 2077 640 2146 Commune
651 2078 798 2164 Spalati;
813 2087 846 2146 et
856 2079 974 2147 debeat
984 2079 1089 2144 dietus
1100 2075 1219 2144 Comes

4 2171 6 2224 ἶ
92 2185 140 2250 ire
167 2190 203 2252 et
219 2187 329 2254 redire
349 2188 392 2253 ad
410 2187 516 2272 ipsum
540 2187 684 2272 regimen
700 2187 849 2255 ombibus
865 2189 931 2254 suis
946 2187 1111 2272 expensis;
1126 2191 1159 2251 et
1174 2189 1220 2249 te·

4 2343 6 2384 4
95 2298 212 2359 naetnr
229 2292 463 2361 diotusComes
483 2294 605 2362 habore
615 2302 649 2360 et
663 2302 773 2362 tenore
796 2317 905 2362 secum
915 2293 1045 2361 indicto
1061 2293 1219 2375 regimine

92 2399 248 2466 continue
278 2423 376 2467 unum
407 2403 538 2485 socium,
561 2423 659 2469 vnum
682 2401 859 2469 Notarium
878 2407 912 2467 et
935 2407 1009 2468 oato
1034 2400 1219 2481 seruitores,

4 2501 6 2572 Ϊ
92 2507 244 2574 omnibus
268 2509 334 2574 suis
365 2510 532 2594 expensis;
549 2517 582 2575 et
606 2511 634 2578 si
659 2510 853 2596 staret'plus
877 2509 928 2576 vel
952 2509 1058 2574 minus
1082 2508 1220 2575 duorum

4 2623 6 2696 ζ
91 2637 263 2698 annorum,
279 2618 418 2700 recipiat
434 2619 592 2685 salarium
616 2641 678 2704 pro
697 2625 780 2685 rata.
796 2618 882 2683 Item
906 2617 996 2701 quod
1020 2617 1127 2683 dietus
1158 2614 1219 2681 Oo-

4 2715 6 2798 [
92 2745 162 2790 mas
179 2723 310 2806 Spoleti
326 2746 391 2790 non
406 2727 511 2809 possit
535 2747 605 2794 esse
630 2728 674 2793 ad
702 2725 836 2811 aliquod
867 2726 1053 2792 conuiuium
1083 2724 1221 2791 alieuius

4 2817 6 2828 ¹
92 2833 175 2898 ciuis
185 2829 316 2914 Spalati
326 2831 359 2896 in
370 2832 459 2900 diota
469 2833 613 2902 Ciuitate
623 2833 761 2920 Spalati,
771 2856 830 2900 neo
839 2833 944 2918 possit
952 2834 1079 2917 aliquos
1089 2831 1130 2897 do
1141 2828 1222 2915 Spa·

4 2943 6 2946 ’
92 2940 161 3007 lato
181 2947 360 3028 connitere,
377 2942 518 3009 clamare
535 2965 592 3010 sen
606 2943 741 3010 olameri
756 2941 866 3009 facere
882 2940 926 3007 ad
935 2939 1166 3006 comedendum
1175 2959 1223 3005 se·

4 3039 8 3136 ,¹
92 3070 167 3114 anm
186 3052 222 3116 in
238 3054 372 3120 ciuitate
388 3053 546 3137 predicta,
556 3058 589 3118 et
604 3073 669 3119 nou
685 3051 788 3135 possit
802 3070 863 3134 per
876 3047 971 3115 sevel
981 3047 1062 3113 alios
1072 3047 1149 3130 ipso,
1166 3066 1223 3111 seu

4 3155 5 3160 ’
92 3157 216 3242 aliquis
231 3159 273 3226 da
288 3159 411 3226 familia
422 3179 480 3225 sua
491 3160 532 3227 ab
544 3159 654 3242 aliquo
665 3156 795 3224 oiuevel
805 3156 989 3225 habitatore
999 3153 1127 3239 Spalati
1138 3152 1224 3218 dona

4 3267 6 3350 j
91 3267 208 3352 aliqua
226 3268 277 3335 vel
290 3275 460 3353 presentes
475 3269 622 3352 resipere
637 3266 747 3351 aliquo
756 3266 853 3331 modo
863 3264 1063 3347 selingenia
1073 3264 1135 3328 nisi
1145 3281 1224 3328 uuas

93 3382 128 3442 et
151 3374 277 3443 fruetus
302 3384 468 3458 recontes;
486 3382 519 3442 et
534 3377 666 3460 insuper
682 3397 748 3442 non
773 3373 877 3459 possit
901 3393 961 3438 neo
977 3370 1096 3437 debeat
1115 3392 1174 3454 per
1191 3391 1225 3436 se

4 3569 6 3572 Ι
93 3486 147 3552 vel
163 3486 247 3551 alios
260 3484 369 3553 facere
385 3487 436 3552 vel
451 3485 522 3551 fieri
538 3484 647 3552 faeere
656 3483 881 3566 mercationes,
891 3501 996 3565 nequa
1011 3480 1045 3544 in
1055 3479 1226 3546 mercatio-

93 3593 192 3660 nibus
222 3594 270 3660 vti
300 3593 351 3658 vel
375 3594 421 3660 vti
451 3593 560 3659 facere
585 3593 716 3659 destris
742 3589 886 3656 denariis
915 3610 974 3674 per
1000 3609 1034 3653 se
1068 3586 1119 3653 vel
1144 3586 1227 3652 alios

5 3743 6 3746 =
92 3700 207 3784 aliquo
232 3699 328 3766 modo
353 3701 402 3766 vel
426 3701 568 3784 ingenio,
584 3699 686 3765 doneo
701 3697 800 3764 fuerit
814 3697 849 3762 in
863 3696 1021 3780 regimine
1036 3692 1226 3778 supradicto

93 3809 130 3874 in
153 3807 306 3892 partibus
330 3808 494 3892 regiminis
520 3805 708 3891 supradicti.
728 3805 814 3870 Item
826 3803 914 3886 qnod
928 3801 1076 3867 homines
1092 3798 1225 3884 Spalati

4 3979 5 3984 ,
93 3917 223 4001 possint
247 3917 317 3982 sine
344 3915 435 3983 datio
460 3914 630 3982 extrahere
655 3911 696 3978 de
722 3911 873 3980 Venetiis
897 3910 1072 3992 lignamen,
1095 3906 1224 3990 lapides

4 4089 6 4098 .
93 4030 203 4092 costos
229 4029 263 4091 et
281 4045 403 4110 cappos
418 4046 479 4110 pro
495 4045 608 4091 eorum
625 4022 782 4100 domibus,
798 4025 831 4085 et
846 4016 1027 4086 conducere
1042 4013 1224 4099 Spalatum,

94 4131 281 4207 dummobo
296 4133 356 4214 illi,
382 4134 438 4217 qui
462 4133 572 4199 volent
591 4131 631 4198 de
651 4129 805 4214 predictis
821 4127 918 4193 rebus
949 4124 1137 4204 conducere,
1153 4144 1225 4207 pre-

94 4245 225 4306 sentent
233 4239 364 4307 litteras
374 4238 493 4307 Ducali
510 4240 609 4307 Curia
624 4238 739 4305 missas
756 4258 776 4302 a
791 4255 848 4301 suo
866 4230 1002 4317 comite,
1015 4238 1049 4298 et
1065 4229 1228 4314 sigillatas

94 4347 206 4432 sigillo
233 4348 421 4416 Communis
446 4347 585 4434 Spalati,
610 4347 698 4431 quod
722 4365 783 4428 res,
803 4363 885 4428 quas
903 4342 1080 4426 requirent,
1101 4342 1167 4406 sint
1183 4338 1230 4406 eis

96 4458 280 4527 necessarie
295 4478 356 4548 pro
371 4457 480 4529 esibus
497 4456 561 4525 suis
577 4461 611 4524 et
629 4474 761 4524 suarum
777 4453 955 4522 domorum
