3170 5234
764 390 1000 439 oretoulczmr
1016 373 1183 439 narrant

931 577 1005 639 268.

406 731 511 800 Jcinos
528 732 711 800 sclavonici
727 733 789 800 batn
815 736 958 801 Soa-anzo
984 737 1088 802 Jduos
1120 737 1272 802 celeaczei
1287 738 1424 826 dopencl'
1438 737 1540 824 pe'nz·

686 843 747 909 teli
763 844 956 910 kocerettseit
973 847 1043 928 irju
1062 868 1138 930 aucep.
1156 848 1252 930 1317.

516 1003 694 1087 Magnifica
721 1003 792 1069 viro
810 1009 842 1069 et
858 1005 983 1087 potenti
1000 1003 1129 1070 domino
1146 1002 1292 1070 Johanni
1309 1005 1428 1072 Inclito
1444 1003 1536 1071 Duci

408 1110 606 1183 Vcneiarum
617 1111 757 1178 Domino
770 1119 801 1176 et
812 1114 915 1178 amcio
928 1133 986 1177 suo
1002 1111 1180 1178 reverendo
1196 1111 1222 1177 J
1224 1111 1344 1178 ohancs
1361 1113 1477 1179 Banus
1492 1120 1539 1179 to·

409 1221 475 1287 tuis
486 1219 657 1287 Sclavonic
668 1219 806 1296 salutem
817 1242 889 1286 cum
899 1219 1146 1305 prompitudiue.
1163 1219 1361 1287 Reverende.
1377 1221 1416 1286 In
1431 1220 1539 1288 literis

411 1329 529 1394 vestris
556 1328 649 1394 nobis
675 1328 859 1407 intimastis
885 1334 920 1393 ut
946 1333 1106 1412 quantum
1122 1329 1261 1412 pecunia
1277 1335 1540 1414 nostrareccpta

410 1444 504 1521 essct,
519 1438 610 1504 robis
625 1435 688 1500 fidc
704 1443 818 1502 nostra
833 1436 997 1502 mediante
1014 1437 1236 1502 scriberemus.
1253 1435 1323 1503 Nos
1340 1437 1428 1504 enim
1444 1437 1537 1505 robis

409 1547 610 1631 nunciamus,
626 1545 712 1628 quod
729 1565 788 1610 nos
805 1544 979 1628 capitalem
995 1547 1167 1628 pecuniam
1192 1550 1338 1610 nostram
1364 1544 1539 1611 habuimus

409 1655 595 1738 octuaginta
621 1652 821 1734 marchand
845 1652 1052 1736 postmodum
1077 1653 1132 1718 illc
1148 1651 1276 1719 ‹ludcus
1291 1654 1447 1738 expendit
1463 1677 1539 1738 qua-

410 1760 565 1844 draginta
590 1761 632 1826 ad
657 1768 802 1826 nostram
827 1763 997 1846 rationem,
1024 1761 1108 1825 sicut
1132 1762 1225 1827 nobis
1246 1761 1340 1843 dixit,
1361 1783 1488 1829 summa
1504 1763 1536 1826 in

410 1875 480 1936 toto
508 1877 617 1936 nostre
643 1869 778 1953 pecunie
800 1876 932 1956 ,centum
958 1868 1073 1952 viginti
1098 1871 1239 1948 marche,
1259 1872 1400 1954 exceptis
1416 1870 1539 1948 rsu1·is;

412 2001 485 2043 cum
509 1979 614 2044 vsuris
639 1985 749 2042 autem
768 1977 810 2041 ad
830 1998 888 2042 nos
905 1977 992 2041 mille
1010 1981 1043 2041 ct
1059 1978 1230 2060 sexaginta
1246 1978 1396 2042 marchas
1413 1997 1539 2060 compu-

412 2088 503 2152 tavit.
515 2085 579 2152 Sed
591 2085 630 2150 de
641 2087 745 2150 usuris
765 2085 848 2150 sicut
865 2085 964 2150 vultis
982 2083 1133 2167 faciatis3
1150 2092 1294 2152 nostram
1320 2093 1431 2152 autem
1446 2107 1539 2168 pecu·

411 2194 509 2262 niam.
529 2196 612 2258 sicut
632 2193 781 2276 diximus,
801 2198 930 2258 centurn
959 2199 991 2257 et
1019 2193 1135 2274 viginti
1160 2195 1311 2259 marchas
1337 2192 1431 2259 nobis
1457 2192 1538 2258 solui

415 2303 555 2368 faciatis.
581 2303 629 2368 Et
648 2300 856 2385 postmodum
872 2303 985 2367 literas
1003 2301 1190 2366 securitatis
1216 2302 1332 2366 vestris
1349 2301 1533 2366 mercatori-

412 2412 471 2477 bus
481 2432 540 2494 per
548 2408 729 2474 Districtus
745 2409 849 2474 nostri
865 2409 1011 2473 Dominii
1027 2415 1060 2473 ct
1076 2415 1261 2474 nostrorum
1278 2407 1351 2473 dari
1368 2407 1537 2485 faciemus;

413 2520 496 2583 sicut
506 2517 634 2582 etiamn
650 2517 754 2586 'Vobis
770 2537 879 2581 sumus
897 2517 1074 2600 cupientes,
1091 2524 1124 2582 et
1140 2515 1294 2600 quicquid
1311 2515 1436 2585 Vestra
1446 2514 1538 2595 Mag·

413 2627 527 2692 nitudo
542 2624 656 2690 lecerit
671 2625 705 2690 in
720 2626 877 2710 predictis
894 2625 987 2690 nobis
1005 2627 1039 2690 in
1055 2625 1159 2690 literis
1176 2624 1284 2690 velitis
1300 2625 1451 2690 intimare
1467 2624 1538 2688 .Da·

413 2741 484 2807 tum
508 2733 541 2797 in
558 2731 649 2798 Zara
668 2733 700 2797 in
721 2732 803 2798 festo
819 2733 993 2797 martirum
1009 2731 1152 2801 Fabiani
1170 2737 1203 2796 et
1219 2729 1408 2797 Sebastiam
1425 2730 1536 2797 Beato·

416 2862 497 2906 rum.
513 2837 593 2908 XV.
609 2838 802 2904 indictionis.

525 3021 560 3084 (A
573 3020 675 3084 »Copia
686 3020 718 3070 de
731 3020 991 3072 Commermorialer
1007 3021 1096 3071 czimti
1112 3020 1253 3074 relenczei
1267 3019 1493 3086 dilamkdnprbol
1504 3017 1536 3069 11.

415 3109 473 3162 kot.
494 3112 580 3174 Iler,
595 3111 694 3162 auersi
707 3109 791 3164 cstisz.
805 3111 892 3161 titkos
906 3111 1101 3176 leve‘ltetrban.)

900 3293 1001 3302 u---uu—
1009 3292 1060 3300 ...-

919 3493 992 3556 269.

699 3629 813 3700 Eadm
834 3659 973 3721 irruppnr
992 3635 1148 3722 (illiercep.
1169 3635 1261 3700 1317.

526 3789 610 3860 Pro
631 3791 780 3860 Curia.

525 3903 689 3970 Robcrtus
706 3909 766 3986 etc,
786 3902 973 3969 senescallo
986 3901 1211 3969 Comitatuum
1226 3901 1405 3968 Prouincic
1421 3909 1453 3966 et
1466 3897 1534 3964 For·

417 4007 775 4094 calqucrij,Cosilia1·io
801 4015 835 4073 et
859 4009 1026 4096 familiari,
1056 4009 1105 4075 vel
1123 4011 1192 4074 cius
1213 4009 1446 4078 locumtenenti
1460 4001 1533 4072 fideli

418 4139 475 4182 suo
493 4124 552 4183 ctc.

525 4225 653 4292 Illustri
680 4226 915 4294 Maioricarum
939 4225 1034 4311 Regi,
1054 4227 1222 4294 carissimo
1238 4225 1336 4294 fratri
1354 4235 1475 4306 nostro,
1488 4239 1535 4306 por

420 4333 502 4398 alias
521 4339 651 4398 nostras
671 4335 858 4417 scripsimus
874 4333 1007 4400 licteras
1024 4335 1058 4400 in
1074 4335 1133 4401 hcc
1149 4335 1267 4402 verba:

527 4439 645 4505 Inclito
655 4441 802 4524 Principi
813 4441 943 4506 domino
962 4439 1082 4508 Sancio
1099 4441 1165 4508 Dei
1178 4442 1288 4526 gratia
1302 4440 1432 4510 Illustri
1448 4436 1534 4511 Maio·

420 4546 910 4632 riea1·uchgi,Rassalioniet
930 4549 1079 4618 Ceritani
1095 4551 1229 4632 Comici,
1243 4571 1283 4615 uc
1299 4548 1443 4617 Domino
1458 4545 1533 4614 Mou-
