3170 5234
567 345 661 409 1271.
852 315 855 320 ’
1108 347 1169 411 raa

65 522 188 589 nardum
201 525 475 602 consanguineum
492 529 635 587 vestrum
651 522 691 586 de
707 521 768 586 hoc
785 523 892 586 seculo
909 527 1170 606 transmigrasse,

1 647 2 674 ¹
65 631 98 696 de
112 651 170 711 quo
185 630 278 696 nobis
294 629 443 712 displicet
473 629 663 694 multimode
695 628 779 693 sicut
810 630 913 694 debet.
944 629 1168 696 Intelleximus

66 739 159 818 etiam,
175 738 263 818 quod
279 739 348 820 ipse
364 737 398 800 in
413 756 471 801 suo
487 741 681 800 testamento
707 737 882 820 ordinauit,
908 739 994 820 quod
1024 738 1094 802 filia
1110 759 1170 802 sua

66 846 188 926 Zaneta,
202 845 309 928 neptis
326 849 441 910 nostra
457 843 577 908 dilecta
593 851 625 908 et
655 849 773 925 restra,
799 845 886 908 inter
902 846 968 910 alia
984 845 1046 910 sibi
1061 846 1173 929 legata

1 935 2 1010 i
66 952 196 1017 debonis
209 953 275 1017 suis
305 951 425 1017 habere
458 950 589 1018 deberet
613 951 716 1017 libras
749 952 813 1017 duo
843 953 948 1018 millia
964 953 1172 1019 denariorum

1 1140 2 1160 Χ
66 1080 244 1140 pardorum
275 1066 309 1125 et
339 1061 427 1142 quod
450 1079 509 1143 per
533 1080 589 1124 ros
606 1065 639 1123 et
663 1080 737 1124 suos
762 1066 898 1143 nepotes
924 1059 1013 1124 dicta
1040 1062 1174 1144 pecunie

67 1169 221 1248 quantitas
238 1168 342 1233 eidem
359 1167 486 1233 Zanete
502 1167 627 1232 exiberi
642 1165 784 1232 deberet
815 1168 861 1234 Et
875 1168 954 1233 licet
968 1169 1002 1232 in
1017 1168 1079 1234 hoc
1095 1189 1173 1233 casu

1 1267 2 1270 ¹
69 1275 299 1342 rationabiliter
315 1276 486 1360 rogamina
503 1297 567 1340 non
591 1281 774 1354 occurrant,
799 1297 872 1340 cum
896 1273 984 1340 faeta
999 1275 1100 1359 ipsius
1116 1297 1175 1340 noa

70 1383 190 1448 multum
207 1387 336 1449 ratione
352 1381 609 1470 propinquitatis
624 1389 764 1466 tangant
794 1384 954 1462 animam;
969 1381 1176 1466 prudentiam

70 1495 194 1554 vestram
210 1511 364 1572 rogamus
380 1495 516 1571 attente,
532 1496 692 1574 quatenus
717 1489 797 1555 dare
823 1489 932 1556 velitis
957 1509 1089 1573 operam
1105 1509 1177 1555 cum

71 1596 182 1678 ellectu,
198 1597 287 1679 quod
316 1599 389 1680 ipsa
419 1599 524 1680 neptis
555 1601 668 1663 nostra
694 1603 727 1662 et
753 1603 859 1663 restra
884 1596 1007 1663 dictam
1038 1597 1173 1680 pecunie

71 1705 276 1787 quantitatem
292 1704 414 1772 habere
430 1705 548 1786 valeat,
565 1725 662 1789 quam
679 1705 777 1771 cicius
793 1725 863 1771 esse
880 1707 995 1787 potest
1021 1702 1181 1770 Preterea

1 1841 2 1846 ¹
70 1811 124 1878 fide
139 1813 310 1894 dignorum
325 1812 481 1878 relatione
497 1813 590 1878 nobis
605 1812 760 1891 innotuit,
777 1812 864 1894 quod
879 1833 935 1880 ros
967 1811 1089 1876 dietam
1105 1834 1182 1894 nep·

71 1925 126 1984 tem
142 1925 285 1986 nostram
301 1925 335 1985 et
348 1927 489 1985 vestram
505 1919 723 1985 intendebatis
748 1920 869 2003 nuptiis
884 1918 1016 1985 tradere
1032 1920 1067 1984 in
1082 1921 1182 2002 parti·

71 2023 123 2092 bus
137 2026 318 2110 Hungarie,
343 2026 431 2111 quod
456 2028 549 2093 nobis
575 2027 730 2111 apparuit
754 2027 987 2091 inconueniens
1012 2047 1073 2109 pro
1097 2024 1181 2090 bono

72 2139 149 2199 statu
174 2154 230 2199 suo
256 2141 291 2199 et
316 2137 564 2201 conseruatione
589 2135 703 2217 ipsine,
734 2134 1021 2215 considerantibus,
1054 2133 1183 2216 qualem

72 2243 165 2306 vitam
179 2261 278 2325 quam
293 2242 403 2326 plures
420 2241 551 2308 domine
568 2241 608 2306 de
625 2241 720 2308 domo
751 2241 858 2326 Vegle
874 2244 908 2307 iu
924 2240 1095 2322 Hungarie
1110 2260 1185 2322 par-

73 2347 152 2411 tibus
168 2354 267 2431 nupte
284 2347 479 2432 habuerunt,
496 2355 530 2414 et
547 2349 590 2413 ad
605 2350 734 2430 qualem
744 2349 841 2414 finem
852 2349 963 2415 vltimo
973 2348 1185 2426 deuenerunt,

74 2460 102 2518 et
117 2456 212 2520 etiam
227 2456 404 2539 pessimum
429 2457 526 2522 immo
548 2456 738 2541 pestiferum
764 2463 897 2539 statum,
922 2457 979 2540 qui
994 2456 1037 2522 ad
1052 2473 1186 2539 presens

74 2541 153 2645 ¹riget
167 2562 199 2628 in
216 2569 286 2630 toto
302 2562 418 2647 Regno
436 2571 470 2629 et
485 2565 634 2649 partibus
651 2565 835 2649 Hungarie.
853 2562 962 2647 Quare
988 2565 1016 2628 si
1031 2565 1093 2628 hoc
1110 2582 1183 2645 pro·

75 2671 225 2753 posuistis
242 2672 329 2755 quod
346 2687 411 2736 non
426 2671 594 2752 credimus,
620 2672 749 2754 placeat
772 2671 862 2737 vobis
878 2671 919 2736 ab
934 2672 1000 2736 isto
1016 2670 1185 2754 proposito

74 2785 206 2843 restrum
221 2780 423 2846 intellectum
439 2786 552 2846 nostro
574 2781 696 2846 iutuitu
727 2800 911 2861 remouere;
927 2801 999 2845 cum
1015 2785 1127 2844 nostra
1143 2777 1186 2843 sit

75 2885 212 2965 intentio,
228 2889 255 2952 si
271 2887 365 2953 robis
379 2887 551 2966 videbitur,
568 2887 675 2971 ipsam
690 2893 820 2971 neptem
835 2892 975 2953 vestram
992 2892 1024 2950 et
1039 2890 1186 2950 nostram

76 3013 166 3073 penes
181 3014 238 3059 nos
253 3001 420 3077 tamquam
435 2994 538 3061 filiam
553 2994 676 3060 habere
692 2994 858 3074 Venetiis3
875 2992 963 3074 qaod
980 3012 1051 3058 cum
1067 2990 1188 3056 habue-

77 3099 116 3164 rit
130 3101 171 3180 id,
187 3102 275 3184 quod
306 3102 346 3168 de
371 3103 465 3169 bonis
491 3103 638 3186 paternis
662 3100 783 3166 habore
809 3100 916 3180 debet,
933 3107 966 3165 et
981 3101 1063 3165 illud
1079 3102 1188 3184 etiam,

1 3196 2 3246 l
79 3208 157 3289 quod
173 3210 225 3276 bic
239 3211 339 3278 babet
354 3233 452 3293 penes
468 3213 579 3276 auiam
595 3231 695 3293 suam,
711 3231 773 3293 que
789 3213 860 3274 tota
876 3208 1047 3274 affectione
1064 3205 1189 3274 deside·

1 3367 2 3392 ,
79 3321 127 3379 rat
140 3317 241 3383 eidem
256 3318 412 3384 honorem
439 3322 472 3383 et
497 3323 628 3398 statum,
654 3317 775 3401 poterit
805 3317 839 3380 in
866 3334 1068 3398 quocumque
1099 3320 1191 3380 statu

1 3421 2 3462 Τ
80 3423 137 3488 sibi
150 3424 290 3507 placibili
305 3427 407 3492 vitam
423 3447 516 3493 suam
533 3426 650 3491 ducere
674 3425 914 3490 honorabiliter
930 3429 963 3489 et
983 3422 1145 3508 decenter,
1160 3427 1193 3488 et

1 3561 2 3622 3
80 3551 133 3595 nos
147 3533 244 3616 ipsius
269 3533 358 3601 facta
390 3535 588 3601 intendimus
604 3533 676 3599 Deo
708 3533 807 3597 dante
833 3531 947 3597 taliter
972 3531 1143 3615 disponere
1160 3536 1193 3595 et

1 3722 2 3736 χ
81 3639 230 3725 ordinare,
247 3645 334 3724 quod
351 3643 444 3709 cedet
459 3644 501 3710 ad
517 3642 649 3709 laudem
664 3646 810 3710 nostram
826 3649 860 3707 et
874 3646 1016 3706 vestram
1032 3644 1066 3705 et
1090 3639 1192 3704 totius

81 3747 196 3814 Domus
210 3748 324 3836 Vegle,
340 3758 375 3817 et
391 3751 494 3836 ipsius
520 3750 778 3816 consolationem
794 3755 828 3815 et
850 3749 971 3815 bonum
997 3754 1121 3813 statum
1136 3765 1192 3830 pa-

82 3857 156 3922 riter
171 3864 202 3924 et
216 3860 381 3924 honorem.
396 3859 490 3925 Data
506 3860 558 3924 die
575 3858 640 3924 XI.
656 3858 856 3941 Decembris,
872 3857 1050 3923 indictione
1066 3853 1146 3924 VH,

1 3987 2 3991 ¹
180 3965 373 4032 Eodemdie
390 3970 424 4032 et
439 3966 555 4031 iisdem
570 3966 677 4031 verbis
692 3964 849 4048 scriptum
864 3963 927 4029 fuit
942 3963 1018 4028 filiis
1029 3961 1194 4044 quondam

1 4107 2 4122 κ
84 4073 202 4141 comitis
216 4073 398 4156 Johannis:
414 4073 559 4156 Baitolo,
576 4071 731 4152 Guidoni,
755 4073 921 4138 Federico.

181 4235 217 4294 (A
231 4236 363 4287 »Secreta
388 4235 433 4286 del
447 4235 589 4301 collegio«
614 4236 704 4285 ozimi'r
729 4237 871 4286 velanezei
896 4233 1125 4297 tilamkbnyrbbl
1147 4233 1194 4282 lv.

1 4329 2 4378 i
83 4324 134 4379 lat.
149 4329 170 4376 5.
183 4343 237 4395 sz.;
257 4329 425 4378 avelenczei
444 4342 517 4392 uagy
536 4321 732 4392 leveltarban.)

550 4506 708 4516 ρ--η--ι-οιι
