3222 5240
698 394 928 440 omrronnozrnr
948 380 1112 438 aurtizunn.

874 698 947 760 318.

343 900 373 966 A
405 900 558 966 orienczei
589 897 819 984 kormdnynok
850 896 985 961 odioszo
1008 895 1156 962 Sebeniro
1181 899 1276 958 odron
1302 893 1476 974 ke're‘seire,

857 1005 953 1069 1333.

450 1182 550 1250 Anno
566 1181 701 1250 Domini
718 1177 1028 1249 MOGCXXXIIL
1045 1179 1098 1246 die
1114 1179 1155 1250 V.
1171 1181 1275 1262 Junii,
1307 1177 1473 1264 Capta:

345 1292 435 1378 quod
466 1291 703 1375 respondeatur
732 1288 949 1356 ambaxistori
982 1287 1170 1355 Communis
1197 1286 1350 1369 Sibeniei,
1375 1294 1409 1352 et
1433 1286 1480 1354 ad

345 1403 553 1468 anbaxatam
569 1421 629 1484 per
644 1399 751 1482 ipsum
766 1401 951 1483 porrectam
967 1397 1001 1462 in
1018 1397 1149 1480 seriptis
1164 1395 1400 1463 Dominntioni.

452 1507 499 1572 Et
514 1507 620 1591 primo
645 1505 688 1572 ad
713 1505 891 1589 capitulum
918 1503 1096 1588 continens,
1120 1502 1206 1586 quod
1230 1503 1337 1569 nolint
1370 1501 1479 1569 serere

347 1615 477 1682 domino
493 1611 579 1698 Regi
595 1613 754 1697 Vugarie,
778 1614 807 1677 si
823 1613 930 1679 reniet
956 1610 998 1678 ad
1014 1613 1223 1692 maritimam,
1238 1612 1302 1678 nisi
1317 1618 1480 1697 quantum

347 1724 381 1788 in
397 1743 509 1789 eorum
533 1719 716 1804 Regalibns
742 1719 924 1804 priuilegiis
940 1719 1133 1786 continetur.
1144 1718 1396 1804 Respondentur
1422 1722 1481 1799 eis,

348 1830 436 1916 quod
451 1828 639 1898 affectamus
655 1850 767 1896 eorum
793 1828 1076 1894 conseruationem
1101 1833 1135 1893 et
1159 1829 1288 1911 bonum,
1304 1848 1378 1894 enm
1394 1830 1481 1894 inter

348 1938 431 2004 alios
447 1937 560 2004 fideles
576 1943 704 2004 nostros
721 1958 776 2002 eos
793 1955 1026 2021 prosequemur
1053 1935 1272 2002 benivolentia
1287 1937 1429 2020 speciali,
1447 1943 1481 2002 st

348 2046 436 2129 quod
452 2063 562 2110 sumus
578 2043 731 2125 contenti,
747 2043 834 2126 quod
849 2042 972 2110 faciant
981 2043 1093 2109 tamin
1103 2042 1260 2108 mittendo
1270 2043 1481 2110 ambaxatam

348 2154 399 2219 vel
426 2174 540 2220 exema
565 2153 656 2218 dicto
675 2149 773 2234 Regi,
790 2171 888 2235 quam
904 2172 977 2231 non,
987 2157 1020 2215 et
1036 2150 1064 2215 si
1079 2151 1192 2216 volunt
1206 2151 1346 2232 mittere,
1362 2158 1433 2218 tam
1449 2152 1482 2217 in

348 2261 508 2328 mittendo
539 2259 634 2326 simul
667 2280 739 2324 eum
766 2259 849 2344 aliis,
874 2279 973 2343 quam
999 2259 1137 2344 diuisim,
1162 2261 1247 2326 sicut
1271 2281 1332 2344 pro
1357 2261 1481 2326 honore

349 2373 463 2435 nostro
480 2375 513 2434 et
527 2369 612 2436 bono
629 2375 717 2434 statu
734 2368 879 2452 ipsorum
895 2367 1039 2433 viderint
1055 2369 1233 2434 convenire.

456 2473 515 2539 Ad
540 2475 718 2559 capitulum
735 2477 913 2557 continens,
933 2475 1022 2558 quod
1037 2475 1159 2541 vellent
1174 2480 1322 2560 tempore
1338 2496 1481 2558 congruo

350 2590 383 2649 et
402 2582 533 2667 quando
553 2585 710 2664 poterunt
727 2603 800 2647 oum
816 2588 931 2648 nostra
946 2583 1054 2666 gratia
1071 2589 1104 2648 et
1119 2581 1254 2648 lieentia
1268 2603 1401 2649 murare
1417 2583 1482 2649 dio·

349 2697 418 2756 tam
437 2689 614 2756 Ciuitatem
633 2688 775 2756 Sibeniei
792 2713 812 2757 a
828 2697 924 2774 parte
939 2691 1040 2757 maris
1056 2712 1117 2774 pro
1134 2690 1313 2758 securitate
1329 2692 1473 2775 ipsorum

350 2797 611 2882 Respondentur,
635 2797 724 2880 quod
748 2817 814 2863 non
840 2805 889 2864 est
914 2821 995 2883 opus
1014 2799 1069 2880 eis,
1085 2797 1174 2882 qnod
1189 2798 1334 2865 habeant
1349 2800 1475 2884 aliquos
1594 2883 1595 2886 Ἴ

351 2927 460 2973 muros
485 2905 537 2972 vel
554 2905 766 2971 munitionem
775 2907 838 2972 nisi
854 2907 1044 2974 Dominium
1060 2914 1222 2990 nostrum,
1239 2913 1273 2972 et
1289 2907 1380 2991 quod
1395 2929 1476 2993 prop
1593 2915 1595 2988 t

349 3020 440 3079 terea
464 3013 660 3080 desistente
677 3014 766 3080 diota
782 3015 950 3098 petitione,
967 3016 1125 3100 quianon
1141 3021 1272 3100 oportet
1290 3037 1346 3082 eos
1363 3017 1403 3082 de
1418 3017 1477 3083 ali-
1594 3051 1595 3102 1

350 3143 417 3205 qua
441 3128 570 3188 armata
595 3121 760 3188 maritima
778 3122 943 3204 dubitare,
968 3144 1007 3189 ex
1024 3144 1089 3207 quo
1105 3131 1180 3190 sunt
1196 3123 1256 3190 sub
1271 3131 1389 3191 nostra
1403 3123 1480 3190 fide·
1594 3107 1595 3172 Ῐ

349 3229 446 3294 litate
463 3236 496 3294 et
511 3228 654 3318 dominio
670 3231 848 3296 constituti.

458 3334 515 3401 Ad
541 3337 722 3422 capitulum
748 3339 918 3404 continens
937 3339 977 3406 de
993 3341 1158 3424 grauitate
1175 3343 1222 3408 eis
1237 3341 1333 3409 illata
1348 3363 1406 3426 per
1420 3339 1482 3407 Oo-

350 3444 462 3507 mitem
489 3441 648 3526 Ysanum,
673 3447 730 3529 qui
756 3448 844 3530 oepit
869 3447 942 3512 illos
959 3447 999 3514 de
1016 3446 1170 3530 Sibinioo‚
1186 3457 1220 3516 et
1237 3471 1293 3516 eos
1309 3449 1388 3516 fecit
1402 3450 1484 3515 redi·

222 3605 226 3611 .
350 3573 437 3618 mere
462 3574 520 3637 per
546 3553 648 3620 libras
675 3555 757 3636 MD;
783 3563 817 3621 et
841 3555 885 3621 ad
910 3557 1091 3640 capitulum
1116 3557 1157 3624 de
1184 3557 1331 3644 Georffl'o
1350 3558 1484 3660 Stipsig³

349 3660 485 3727 bannito
511 3659 551 3725 de
578 3659 730 3728 Sibeuico
755 3668 904 3747 tempore
924 3665 1047 3730 domini
1066 3665 1179 3732 Blaxit
1196 3665 1302 3750 Geno,
1320 3688 1413 3752 quem
1429 3689 1483 3750 pe·

350 3768 466 3833 tebaut
492 3768 588 3834 eximi
614 3768 655 3836 de
680 3771 788 3837 banno
813 3792 873 3856 pro
899 3772 984 3839 bono
1002 3774 1167 3858 ipsorum3
1196 3780 1228 3839 et
1252 3796 1313 3859 pro
1339 3775 1501 3842 habendo.

352 3874 495 3956 quodam
530 3883 638 3943 castro
670 3899 739 3958 suo,
764 3879 872 3964 posito
897 3880 930 3945 in
955 3883 1123 3949 territorio
1150 3881 1305 3966 Sibenioi,
1331 3883 1416 3968 quod
1442 3886 1485 3950 eis

349 3980 431 4046 dare
457 3983 618 4067 promisit,
644 3987 671 4050 si
699 3986 739 4052 de
766 3987 854 4053 dioto
870 3988 979 4054 banno
1000 3992 1208 4057 eximeretur.
1224 3989 1482 4082 Respondentur,

352 4091 439 4171 quod
465 4096 635 4156 occasione
661 4095 853 4175 novitatum,
880 4119 943 4180 que
969 4099 1121 4164 videntur
1146 4101 1319 4183 insurgere
1335 4103 1369 4167 in
1384 4102 1485 4183 parti-

352 4196 504 4263 basillis
530 4205 668 4284 propter
694 4203 870 4268 aduentum
897 4203 1000 4288 Regis
1026 4206 1211 4288 Hungarie,
1229 4208 1426 4274 intendimus
1445 4209 1486 4274 ad

353 4325 487 4385 presens
507 4309 719 4391 supersedere
735 4310 769 4374 iu
787 4310 875 4378 dioto
891 4312 987 4398 fanto,
1003 4335 1115 4382 verum
1131 4336 1188 4381 suo
1204 4315 1276 4382 loeo
1297 4323 1330 4383 et
1344 4324 1485 4401 tempore

354 4411 598 4489 prouidebimus
625 4416 657 4478 in
684 4417 771 4482 dioto
797 4417 894 4501 facto,
911 4419 994 4487 sieut
1010 4443 1070 4505 pro
1087 4423 1173 4488 bono
1190 4430 1223 4489 et
1240 4424 1485 4491 conservatione
1591 4403 1593 4492 Ϊ

356 4516 510 4609 ipsorum,
526 4527 558 4584 et
583 4541 643 4614 pro
660 4534 771 4594 nostro
789 4525 911 4597 honore
927 4530 1107 4599 videbimus
1124 4534 1304 4608 convenire,
