3244 5236
665 387 760 450 1341.

674 676 747 736 391.

169 836 200 902 A
217 838 386 902 corbacint'
407 836 523 924 prdfok
540 837 572 899 ds
587 835 734 900 Sobeoico
749 837 846 899 va'ros
862 832 948 898 kozri
964 831 1138 898 titolata.
1156 832 1252 898 1341.

254 1016 450 1100 Exemplum
472 1014 600 1080 unionis
626 1012 732 1078 fiende
757 1033 830 1076 cum
855 1007 1038 1077 Comitibus
1056 1008 1218 1093 Gregorio
1243 1014 1277 1076 et

77 1185 88 1208 ,
147 1123 350 1190 Budisclauo
369 1121 648 1189 Corbauiensibus
663 1143 735 1185 cum
750 1118 817 1184 illis
834 1119 873 1184 de
890 1117 1045 1184 Sibinico.

258 1229 339 1297 Cum
357 1233 418 1297 hoo
435 1233 487 1313 sit,
513 1229 600 1314 quod
615 1229 728 1312 plnres
743 1233 777 1293 et
792 1227 922 1294 diuerse
938 1227 1080 1309 robaria,
1107 1226 1204 1310 furta,
1220 1228 1276 1293 ho-

149 1338 280 1403 micidia
305 1345 339 1402 et
355 1338 418 1402 alie
434 1338 522 1402 varie
539 1342 573 1402 et
589 1335 717 1400 diuerso
734 1333 854 1416 offense
871 1333 984 1400 fierent
998 1335 1031 1398 in
1047 1333 1211 1399 Districtu
1228 1333 1277 1400 Si·

149 1443 314 1511 beniccnsi
328 1467 387 1529 per
402 1445 512 1529 plures
528 1450 561 1510 ot
574 1443 681 1509 varios
696 1446 866 1510 robatores
878 1442 918 1508 de
929 1443 1042 1510 bestiis
1052 1448 1084 1507 et
1094 1442 1169 1508 aliis
1180 1442 1276 1508 rebus

149 1557 218 1617 tam
244 1553 364 1618 ciuium
389 1551 527 1618 Sibinici
552 1573 652 1635 quam
676 1551 874 1616 rusticorum
898 1550 939 1615 de
956 1547 1129 1630 Ciuitate;
1154 1551 1277 1616 idcirco

151 1660 316 1744 Egregius
326 1667 358 1725 et
366 1667 483 1744 potens
499 1659 547 1724 vir
558 1657 706 1724 dominus
717 1657 852 1723 Marcus
860 1657 1067 1724 Foscarenus
1077 1658 1278 1724 honorabilis

151 1768 269 1836 Comes
286 1767 442 1834 Ciuitatis
459 1766 606 1846 Sibinici,
621 1765 757 1832 Judices
773 1771 806 1830 et
822 1762 1012 1832 Consiliarii
1028 1767 1172 1834 eiusdem
1189 1765 1278 1832 Ciui-

151 1878 241 1958 tatis
266 1877 509 1943 considerantes
535 1873 752 1940 conditionem
768 1877 800 1937 et
816 1879 939 1940 statum
955 1875 1041 1941 dicte
1057 1873 1223 1956 Ciuitatis,
1247 1882 1280 1941 et

151 1985 296 2051 volentes
319 1984 440 2051 talibus
465 1984 607 2064 obuiam,
632 1981 720 2047 etde
737 1987 921 2065 opportuno
938 1984 1080 2049 remedio
1096 1984 1279 2067 prouidere,

153 2093 194 2161 de
219 2094 387 2158 voluntate
404 2098 437 2157 et
452 2113 587 2158 assensu
604 2089 777 2157 Generalis
793 2086 932 2156 Consilii
948 2091 1036 2157 dicte
1053 2090 1220 2172 Ciuitatis,
1246 2097 1278 2155 et

153 2222 213 2286 pro
240 2207 337 2285 parte
363 2220 485 2279 eornm,
501 2197 619 2264 nobilis
635 2197 685 2262 vir
700 2194 817 2262 Helias
832 2196 970 2264 condam
985 2197 1159 2264 Radouani
1174 2197 1272 2264 Helie

153 2309 237 2374 ciuis
264 2306 493 2387 &bonisensis
525 2306 675 2387 sindicus,
698 2312 893 2389 procurator
917 2313 950 2371 et
974 2309 1106 2372 nuntius
1132 2308 1281 2391 specialis

154 2417 371 2501 suprascripti
387 2415 510 2482 domini
527 2414 663 2481 Comitis
679 2419 711 2477 et
726 2413 751 2480 J
752 2413 882 2478 udicum
898 2421 931 2479 et
947 2412 1168 2482 Consiliorum
1185 2423 1218 2482 et
1232 2425 1281 2482 to-

153 2526 220 2590 tius
236 2524 425 2591 Communis
442 2521 659 2589 Sibenicensis
684 2543 744 2606 pro
768 2521 918 2588 uniuerso
936 2521 1109 2590 Communi
1126 2530 1159 2589 et
1175 2527 1283 2609 singu·

88 2711 94 2718 ῃ
155 2633 283 2699 laribus
299 2632 445 2716 personis
456 2628 609 2696 Ciuitatis
626 2629 768 2694 eiusdem
777 2630 900 2696 habens
909 2629 1040 2714 plenam
1050 2634 1283 2701 auctoritatem

155 2745 188 2806 et
212 2739 365 2823 generals
391 2759 429 2804 ac
454 2738 595 2822 speciale
610 2737 803 2803 mandatum
819 2760 839 2802 s
855 2737 943 2803 dicto
960 2737 1107 2806 Consilio
1126 2741 1282 2808 Generali

156 2845 368 2927 Sibenicensi‚
398 2851 496 2930 prout
520 2844 561 2911 dc
586 2845 747 2910 sindicatu
772 2850 805 2910 et
831 2846 1027 2914 auctoritate
1052 2848 1115 2913 sibi
1131 2870 1282 2915 concessa

155 2961 249 3039 patet
273 2977 332 3038 per
355 2954 521 3038 publicum
545 2953 797 3018 instrumentum
821 2953 976 3035 scriptum
1000 2974 1061 3037 per
1084 2953 1284 3038 Angelinnm

156 3059 335 3126 Notarium
349 3059 593 3143 infrascriptum
610 3058 668 3123 sub
684 3055 840 3140 predictis
856 3058 1028 3124 millesimo
1045 3067 1102 3126 etc
1118 3082 1178 3145 pro
1189 3069 1283 3146 parte

154 3174 188 3234 et
212 3169 342 3234 nomine
359 3167 599 3234 Vniuersitalis
625 3171 659 3230 et
675 3164 889 3248 singularium
904 3187 1117 3250 personarum
1134 3167 1284 3235 Commu-

155 3279 206 3342 nis
222 3275 435 3343 Sibinicensis
461 3275 600 3360 predicti
620 3295 659 3340 ex
684 3279 778 3358 parte
795 3295 867 3354 vna,
892 3281 925 3340 et
940 3276 1103 3360 Egregius
1120 3283 1153 3342 et
1168 3284 1285 3363 potens

156 3387 205 3450 vir
222 3385 373 3451 dominus
389 3381 583 3466 Gregorius,
600 3389 699 3448 natus
714 3383 799 3448 bone
814 3383 971 3449 memorie
987 3381 1127 3450 Comitis
1144 3384 1284 3470 Ouriaci,

155 3492 367 3560 honorandus
379 3491 496 3558 Comes
512 3491 551 3557 do
562 3490 738 3573 Corbauia,
754 3512 813 3556 suo
829 3494 960 3558 nomine
976 3500 1010 3559 et
1025 3494 1093 3559 vice
1110 3501 1143 3560 et
1159 3497 1285 3562 nomine

54 3639 70 3654 ι
157 3601 284 3666 domini
299 3598 437 3665 Comitis
453 3598 646 3664 Budisclaui
672 3599 740 3665 eius
765 3597 888 3680 fratris,
915 3621 953 3665 ao
969 3603 1103 3686 propria
1119 3603 1285 3670 voluntate

157 3713 191 3773 et
207 3729 366 3774 consensu
391 3708 533 3774 eiusdem
550 3706 688 3774 Comitis
705 3707 906 3789 Budisclaui,
932 3716 1030 3791 prout
1053 3715 1145 3793 patet
1160 3733 1219 3794 per
1233 3713 1286 3777 lit·

47 3859 53 3866 ·
155 3822 249 3880 teras
264 3837 338 3882 suas
354 3816 470 3882 missas
487 3815 617 3880 domino
634 3815 765 3896 Comiti,
792 3813 939 3881 Consilio
957 3823 989 3881 et
1005 3813 1177 3883 Communi
1202 3816 1287 3884 Sibi-

157 3924 281 3989 nicensi
299 3945 338 3988 ex
354 3929 448 4008 parte
458 3924 596 4007 predicti
606 3924 728 3990 domini
740 3923 878 3990 Comitis
888 3923 1088 4004 Budisclaui,
1098 3929 1133 3990 et
1143 3925 1287 3992 eiusdem

157 4030 268 4116 sigillo
283 4032 418 4113 proprio
444 4029 613 4114 sigillatas,
637 4052 699 4114 que
715 4030 748 4094 in
764 4029 846 4095 actis
862 4029 1052 4096 Communis
1078 4030 1287 4098 Sibinicensis

155 4137 201 4204 ad
226 4137 381 4204 maiorem
406 4139 570 4205 cautelam
595 4137 727 4204 fuerunt
742 4159 802 4222 per
817 4158 868 4203 me
885 4137 1086 4221 Angelinum
1103 4141 1287 4223 registrate‚

158 4247 207 4311 sio
231 4265 293 4327 pro
320 4245 468 4310 omnibus
494 4251 527 4310 et
543 4245 680 4329 singulis
696 4245 880 4314 hominibus
897 4251 931 4311 et
947 4247 1104 4327 personis,
1129 4245 1289 4330 predictis

158 4351 300 4420 dominis
325 4351 508 4420 Comitibus
524 4352 726 4419 Budisclauo
751 4361 783 4418 ct
800 4351 960 4435 Gregorio
987 4353 1146 4436 subiectis,
1164 4353 1288 4420 Summi

81 4535 85 4544 ,
158 4461 332 4528 Creatoris
348 4463 486 4546 vestigia
511 4464 631 4530 sectari
646 4462 801 4544 volentes,
816 4482 875 4546 pro
891 4461 979 4527 bono
996 4468 1085 4529 statu
1102 4469 1136 4528 et
1151 4462 1286 4548 pacifico

158 4569 303 4638 omnium
329 4571 549 4654 predictorum
570 4575 604 4637 et
618 4565 719 4637 totius
735 4573 892 4650 contrata,
909 4568 1035 4636 Christi
1051 4572 1182 4642 nomine
1197 4574 1289 4646 inuo-
