3234 5238
561 215 656 309 iero.
1130 250 1172 313 ne

68 421 249 486 excambium
280 421 503 504 predictarum
529 419 667 486 duarum
692 419 875 484 teridarum
892 441 951 502 per
966 425 999 485 te
1016 443 1195 506 prepara·n

66 527 211 608 tummim
227 527 290 593 hoc
306 525 393 610 quod
410 525 559 609 predicta
575 525 644 592 filia
659 531 771 591 nostra
782 525 1010 592 honorabilius
1021 535 1054 592 et
1069 530 1174 594 tutius

65 634 98 698 ad
112 634 213 704 dictas
229 641 341 718 partes
359 631 506 717 Vngarie
522 638 733 717 portaretur;
750 635 837 715 cepit
852 634 965 716 galeas
983 634 1065 700 duas
1076 635 1175 700 Ourie

64 747 178 821 nostre,
193 764 290 808 unam
306 740 457 806 videlicet
472 763 534 823 que
552 748 623 807 erut
647 742 750 806 rubea
776 763 849 805 cum
864 740 1014 806 tendorio
1031 741 1070 806 de
1087 763 1175 810 scar-

21 907 28 914 .
64 848 128 930 lato,
144 851 308 932 staudaro,
324 857 357 915 et
373 849 449 932 nlijs
464 850 700 932 guarnimentis
727 854 762 914 et
786 851 997 915 armamentis
1013 851 1047 915 in
1062 873 1111 930 ea,
1126 873 1176 916 ur·

64 963 173 1022 metam
188 958 228 1021 de
244 957 431 1022 hominibus
456 956 591 1035 Barnli,
618 963 651 1021 et
675 955 775 1022 aliam
802 955 841 1020 de
857 955 1041 1022 hominibus
1066 956 1176 1038 Trani,

65 1063 208 1142 solidatas
222 1087 286 1149 pro
303 1084 413 1130 mense
443 1087 517 1146 vno,
542 1072 576 1129 et
599 1063 742 1131 munitas
774 1066 930 1147 panatica
957 1088 1018 1150 pro
1050 1066 1177 1133 duobus

66 1173 224 1240 mensibus.
242 1169 315 1256 Qus
331 1179 425 1240 crant
441 1173 482 1239 de
498 1193 632 1240 numero
665 1173 926 1258 vigintiquinque
950 1181 1061 1240 nostre
1078 1173 1177 1239 Curie

66 1281 265 1346 rassellorum
291 1282 334 1348 ad
359 1288 472 1365 partes
505 1279 632 1346 Achaie
657 1279 920 1364 profecturorum
937 1283 970 1346 in
997 1280 1177 1348 subsidium

64 1389 216 1469 magnifici
232 1389 293 1454 viri
309 1389 475 1473 Principis
492 1387 621 1453 Achaia
638 1388 678 1452 de
695 1389 851 1453 mandato
867 1395 998 1469 nostro;
1018 1395 1051 1456 et
1067 1390 1174 1456 dimis·

16 1522 19 1529 „
66 1497 103 1560 sis
117 1497 270 1579 predictis
289 1497 414 1562 duabus
429 1495 556 1577 teridis,
573 1496 616 1562 ad
632 1495 847 1580 supplendum
863 1520 1032 1563 numerum
1056 1499 1179 1581 predio·

64 1605 158 1668 lorum
174 1605 291 1689 viginti
307 1607 449 1688 quinque
474 1608 584 1670 nostre
616 1603 715 1670 (lurie
746 1605 960 1671 vassellorum
975 1604 1179 1689 pofeotorum

64 1709 223 1793 adportes
241 1709 369 1778 Achaia
385 1713 418 1777 in
434 1712 614 1778 subsidium
630 1711 797 1794 Principis
816 1712 1004 1796 supradicti,
1020 1735 1092 1778 oum
1108 1735 1179 1797 pre·

65 1817 152 1884 dictis
168 1819 296 1885 duabus
314 1819 426 1903 galeis,
442 1819 572 1904 galieno
589 1824 623 1883 et
642 1820 820 1885 veoehettis
845 1822 971 1902 paratis
988 1825 1021 1886 et
1036 1822 1179 1904 munitis,

66 1933 95 1988 et
108 1927 259 2008 predictis
275 1927 422 1992 cassellis
438 1929 512 2012 alijs
523 1926 672 1993 deductis
681 1947 741 2009 per
755 1933 789 1992 te
805 1949 878 1992 cum
894 1929 1042 2012 predicta
1057 1937 1181 2011 nostra,

65 2032 103 2094 nd
117 2032 219 2100 dictas
235 2042 346 2117 partes
363 2033 509 2117 Vngerie
525 2034 765 2100 transiretauit.
781 2036 827 2100 Elt
843 2037 930 2118 quod
941 2035 1059 2101 dedisti
1078 2037 1181 2103 eidem

67 2138 259 2207 Marescalco
276 2143 330 2206 vel
354 2142 429 2225 alijs
455 2141 495 2207 de
521 2141 676 2207 mandato
694 2165 751 2206 suo
769 2143 955 2226 pedaticum
973 2165 1031 2226 pro
1056 2144 1182 2210 sensilia

66 2249 160 2329 ipsius
182 2250 249 2317 filie
274 2256 390 2315 nostre
407 2256 440 2314 et
465 2269 524 2316 suu
548 2253 582 2314 in
599 2258 690 2315 certa
722 2254 917 2334 quantitate,
935 2251 1019 2316 siout
1034 2259 1134 2335 patet,
1150 2259 1184 2317 vt

64 2362 183 2441 asseris,
199 2382 256 2444 per
270 2361 445 2445 apodixem
462 2360 577 2425 exinde
593 2361 655 2425 tibi
671 2359 800 2426 factam.
827 2360 898 2444 Que
923 2362 1034 2426 omnia
1049 2361 1183 2444 placent

66 2469 160 2550 nobis,
175 2476 206 2534 et
222 2469 429 2553 beneplacito
446 2476 559 2534 nostro
577 2468 712 2547 cedunt3
746 2490 783 2534 eo
800 2469 888 2552 quod
904 2471 1055 2552 predicta
1070 2475 1183 2534 nostra

65 2573 129 2641 lilia
144 2574 366 2641 honorabilius
382 2583 414 2639 et
431 2575 535 2640 tutius
552 2576 587 2646 in
601 2574 756 2658 predictis
788 2573 900 2658 galeis,
916 2575 1046 2658 galiono
1064 2585 1096 2642 et
1112 2599 1183 2646 vac-

66 2681 171 2748 ehetta
186 2705 225 2749 ue
241 2681 390 2747 cassellis
407 2682 482 2766 elijs
498 2680 667 2746 conductis
684 2689 800 2764 perte,
825 2689 859 2748 vt
885 2681 1009 2747 dictum
1026 2690 1094 2765 est,
1110 2706 1184 2768 pro·

69 2787 150 2854 lecta
165 2799 212 2855 est
227 2789 270 2854 ed
286 2795 399 2871 partes
417 2787 563 2871 Vngarie
581 2787 795 2872 supradictos.
828 2788 874 2854 Et
890 2811 928 2856 ea
945 2793 1053 2855 omnia
1070 2798 1184 2856 tenore

67 2898 258 2978 presentium
283 2906 502 2980 acceptemus,
528 2903 560 2961 et
585 2902 653 2960 tarn
685 2896 825 2980 predicti
850 2897 1045 2962 Marescalci
1071 2901 1186 2978 nostri,

67 3027 161 3087 quam
175 3007 222 3071 tui
241 3005 426 3070 huiusmodi
443 3005 640 3087 prouisionis
658 3011 691 3070 et
706 3005 935 3070 sollicitudinis
966 3007 1076 3071 studia
1101 3028 1186 3072 corn·

66 3115 258 3180 mendamus.
273 3113 399 3178 Datum
415 3113 536 3177 ibidem
553 3111 651 3181 XVI.
669 3111 870 3196 Septembris
882 3113 979 3181 XlV.
990 3115 1186 3180 indictionis.

170 3261 203 3318 (A
219 3259 358 3322 »Registri
368 3259 519 3322 Angioini«
527 3259 561 3308 D.
571 3263 596 3308 6.
607 3273 643 3306 cz.
653 3259 719 3322 Reg.
729 3259 827 3310 Karoli
838 3259 859 3309 1.
870 3261 1018 3308 kiltrete'ibol.
1033 3265 1058 3308 6.
1072 3261 1103 3320 Ι.;
1117 3273 1143 3309 u.
1152 3260 1189 3320 o.)

566 3457 705 3470 φημι-...-

603 3677 653 3739 ul.

74 3824 101 3881 Ι.
120 3821 242 3907 Kdroly
258 3816 388 3884 sicilici
428 3817 610 3904 birdlynuk
636 3817 792 3882 ren-delete
817 3845 837 3883 (r
865 3815 1058 3885 Belloruoute
1083 3818 1193 3906 Dropo

66 3928 194 3994 sicilici
202 3929 465 4015 fdlocdszmcster
490 3927 573 3992 eiltal
592 3925 705 4012 feluett
731 3927 856 3990 lablcellu
885 3930 1078 4012 torquibus.
1101 3931 1193 3991 1270.

226 4086 311 4151 Pro
348 4084 521 4150 domino
563 4083 777 4166 Drogone
811 4084 858 4147 de
903 4086 1193 4150 Bellornonte

67 4190 719 4274 RegniSicilieMaroscalco.

175 4300 216 4375 (ll.
233 4299 399 4365 XXllll.
419 4299 617 4383 Septembris
634 4307 790 4383 scriptum
808 4306 858 4366 est
874 4299 1005 4367 Secreto
1023 4300 1150 4387 Apulia.

175 4407 257 4473 Cum
273 4408 388 4490 Drogo
405 4409 444 4474 de
470 4408 676 4473 Bellonronte
704 4409 810 4489 Regni
835 4407 944 4472 Sicilie
977 4410 1195 4476 blarescnlcus
