3222 5240
415 261 479 347 lli
764 270 1182 352 brruouuczmrnunhrrum

412 453 502 529 sione
518 463 617 530 solita
643 483 857 548 reseruemus,
883 465 953 532 sine
978 463 1094 548 quouis
1118 449 1350 550 impedimento
1378 449 1528 547 colendas,

412 577 446 636 et
468 591 529 654 pro
553 572 696 656 ipsorum
723 573 833 640 usibus
848 572 950 640 libere
965 572 1188 657 possidendas,
1212 573 1394 642 Vniuersas
1409 594 1528 658 quoque

410 671 540 744 litteras
556 685 589 745 et
603 679 828 762 iustrumenta,
855 702 912 748 seu
928 682 1100 748 cauciones
1117 688 1150 747 et
1166 681 1291 764 titulos,
1307 685 1334 749 si
1352 702 1444 767 quas,
1459 700 1532 764 quos

339 849 342 856 .
412 787 464 852 rel
489 807 553 872 quc
577 787 648 854 Nos
672 786 872 855 Fredericus
897 788 978 873 Rex,
1003 791 1081 854 item
1096 784 1256 856 Albertus
1282 797 1316 855 et
1332 787 1415 856 Otto
1430 787 1531 854 Duces

412 893 533 979 prefati
554 915 650 978 super
666 895 814 962 omnibus
832 895 930 962 dictis
944 897 1073 982 juribus
1088 892 1199 981 Regni
1214 896 1388 980 Hungarie
1404 893 1533 981 predicti

413 1001 586 1069 habuimus
602 1002 652 1068 vel
668 999 824 1070 habemus
842 1009 902 1070 aut
917 1025 1131 1088 reseruemus,
1147 1006 1218 1072 siue
1234 1005 1373 1089 quilibet
1382 1005 1532 1082 Berones,

412 1108 552 1176 Nobiles
563 1116 597 1176 et
606 1109 844 1178 Ministeriales
853 1112 960 1177 nostri
969 1110 1091 1178 habent
1106 1110 1158 1177 uel
1173 1117 1351 1196 reseruant,
1367 1132 1533 1193 cassamus,

414 1213 638 1304 anichilamus,
663 1222 698 1285 et
712 1239 771 1302 per
788 1218 897 1285 omnia
912 1217 1032 1285 viribus
1048 1225 1081 1284 et
1104 1219 1227 1305 rigore,
1258 1224 1534 1304 quantumcumque

413 1325 561 1392 efficaces
569 1324 909 1406 fuerint,reddidimus
920 1325 1341 1411 carituras.Aquibuslibet
1350 1332 1460 1393 autem
1469 1346 1532 1390 nos·

411 1432 551 1502 tratibus
566 1439 599 1499 et
614 1433 775 1499 dictorum
784 1431 973 1500 Ducatuum
989 1440 1177 1500 nostrorum
1186 1435 1377 1501 Beronibus
1393 1439 1451 1500 aut
1464 1431 1530 1516 alijs

411 1541 607 1623 bominibus,
633 1561 823 1624 quocunque
849 1545 947 1626 statu,
970 1543 1094 1608 honore
1109 1539 1161 1609 vel
1176 1541 1304 1608 nomine
1319 1541 1529 1626 fungentibus,

414 1649 538 1733 aliquid
554 1670 612 1714 seu
627 1649 739 1732 aliqua.
755 1645 795 1714 de
807 1648 935 1734 juribus
951 1648 1196 1734 quibuscunque
1213 1653 1246 1716 et
1257 1648 1527 1734 qualibuscunque

414 1755 491 1822 dicti
506 1757 614 1840 Regni
629 1755 802 1839 Hungarie
827 1778 886 1842 per
911 1757 1059 1840 quemuis
1084 1757 1231 1842 ipsorum
1252 1756 1424 1842 occupatis
1439 1763 1470 1820 et
1484 1753 1530 1819 de·

413 1865 521 1948 tentis,
546 1865 634 1931 dicto
648 1861 733 1950 Regi
748 1861 933 1949 Hungarie,
951 1863 1136 1946 heredibus,
1152 1864 1458 1949 successoribusque
1472 1862 1529 1928 suis

414 1978 447 2038 et
462 1971 577 2056 Regno
602 1979 716 2040 contra
740 1970 826 2038 hanc
850 1970 988 2037 formam
1006 1971 1097 2056 pacis
1115 1977 1147 2039 et
1161 1973 1287 2039 unionis
1304 1972 1529 2038 contumaciter
1594 1985 1595 2058 j

414 2085 448 2145 et
464 2100 543 2146 aure
558 2079 668 2146 tenaci
683 2079 831 2160 reddere,
857 2081 1032 2146 restituere
1049 2086 1084 2146 et
1097 2080 1264 2165 resignare
1281 2079 1476 2162 nolentibus,
1488 2097 1530 2142 re-

414 2185 614 2253 bellantibus
631 2193 664 2253 et
680 2184 897 2271 tardantibus,
920 2185 1008 2254 idem
1022 2187 1171 2254 deminus
1186 2188 1260 2254 Rex
1275 2187 1458 2270 Hungarie,
1481 2189 1530 2250 unt

415 2296 465 2360 sui
488 2292 624 2360 heredes
648 2294 717 2361 siue
734 2312 943 2373 successores,
969 2293 1019 2358 rel
1036 2293 1199 2376 regnicole
1214 2293 1272 2374 sui,
1297 2292 1529 2378 quoquomodo
1593 2307 1595 2314 ’

414 2408 578 2486 poterunt,
593 2399 716 2468 suffere
731 2402 863 2468 valeant
879 2405 913 2466 et
923 2399 1073 2467 debeant.
1089 2399 1146 2466 Ad
1156 2407 1528 2487 quorumoccupatorum

410 2510 533 2596 jurium
559 2507 833 2592 qualiumcunque
856 2514 889 2573 et
913 2513 1238 2593 quantorumcunque
1261 2529 1321 2574 nos
1347 2515 1381 2575 et
1405 2507 1529 2572 heredes

413 2618 519 2685 nostri
544 2621 658 2686 contra
681 2614 865 2683 huiusmodi
880 2623 1093 2700 occupatores
1109 2615 1198 2682 dicto
1214 2616 1299 2698 Regi
1315 2615 1486 2698 Hungarie
1500 2619 1528 2679 ct
1594 2687 1595 2694 ,

415 2727 482 2792 suis
497 2724 680 2806 heredibus,
706 2723 945 2792 successoribus
963 2731 997 2790 et
1011 2725 1186 2809 regnicolis
1198 2725 1377 2810 juuamine,
1393 2722 1529 2791 subsidio
1594 2809 1595 2812 Ἴ

414 2840 448 2901 et
471 2833 583 2901 fauore
607 2837 712 2900 tocius
727 2839 836 2900 nostre
851 2835 1008 2919 potencie,
1034 2834 1187 2918 quociens
1204 2855 1297 2900 nesse
1312 2833 1422 2916 fuerit,
1443 2833 1528 2898 assis·
1594 2883 1595 2892 ,

413 2947 528 3010 temus.
560 2942 595 3010 N
596 2944 679 3010 ullos
705 2964 833 3029 quoque
850 2943 996 3010 Berones
1013 2964 1071 3010 seu
1086 2941 1226 3010 Nobiles
1241 2941 1349 3028 Regni
1365 2940 1528 3025 Hungarie

414 3051 483 3118 sine
507 3071 665 3120 consensu
680 3051 782 3137 Regis
797 3052 970 3138 Hungarie
994 3051 1137 3136 predicti
1163 3073 1220 3118 seu
1235 3051 1392 3118 heredum
1408 3067 1528 3117 suorum

413 3161 535 3228 uostris
551 3162 719 3229 attrahere
734 3162 784 3228 rel
801 3183 1018 3249 assumpmere
1034 3162 1190 3229 debemus
1205 3160 1363 3246 seruicijs,
1389 3183 1445 3227 seu
1460 3178 1528 3244 quo·

413 3266 591 3336 modpoet
606 3278 720 3336 contra
736 3267 824 3354 ipsos
841 3269 1018 3338 defensare.
1036 3268 1109 3355 Qus
1126 3269 1234 3337 omnia
1244 3268 1415 3354 eteingula
1427 3285 1528 3352 supra·
1594 3333 1595 3342 ἶ

414 3375 504 3442 dicta
521 3379 555 3442 in
578 3378 726 3445 omnibus
742 3380 809 3445 suis
825 3380 972 3447 articulis
988 3377 1060 3445 Nos
1074 3377 1270 3446 Frederieus
1287 3379 1363 3460 lter,
1380 3375 1528 3443 Albertus

415 3488 448 3549 et
466 3483 546 3552 Otto
561 3482 669 3552 Duces
695 3490 861 3571 prenotati
885 3489 1015 3556 nomine
1040 3509 1104 3572 quo
1130 3508 1230 3571 supra
1254 3487 1323 3553 sine
1349 3487 1438 3552 omni
1454 3483 1527 3560 dolo,

413 3589 537 3673 fraude,
561 3595 722 3678 nequicia,
748 3596 922 3681 iniquitate
947 3603 980 3662 et
1004 3596 1136 3662 malicia
1151 3596 1238 3662 dicto
1254 3593 1339 3679 Regi
1355 3591 1529 3678 Hungarie,
1593 3649 1595 3656 ,

414 3701 480 3766 suis
496 3698 669 3769 heredibus
685 3710 718 3770 et
733 3702 984 3788 successorihus,
1000 3703 1187 3788 pariterque
1196 3702 1313 3788 Regno
1330 3722 1389 3768 suo
1405 3696 1531 3767 tirmiter

413 3809 633 3894 promisimus,
664 3816 697 3877 et
720 3813 819 3878 tactis
844 3812 1058 3897 corporaliter
1073 3811 1288 3880 Sacrosancte
1303 3804 1489 3895 Euangelio
1504 3811 1531 3869 ct

411 3916 540 3984 uiuifice
556 3915 672 3986 Crucis
688 3919 778 4006 ligno
793 3921 976 4005 jurauirnus
993 3919 1173 4000 attendere,
1188 3926 1311 4000 tenere,
1328 3926 1362 3985 et
1376 3919 1410 3984 in
1428 3935 1531 4003 perpe·
1593 3923 1595 3978 Τ

412 4030 504 4090 tuum
514 4021 750 4092 inuiolabiliter
761 4026 946 4095 obseruare.
956 4025 1030 4093 Hoc
1039 4026 1177 4110 adiecto,
1188 4025 1275 4110 quod
1286 4025 1314 4092 si
1323 4025 1390 4093 ullo
1401 4040 1530 4109 unquam

412 4136 561 4216 tempore
578 4141 693 4200 contra
708 4134 867 4218 premissa
882 4135 933 4201 uel
948 4131 1059 4218 aliqua
1069 4134 1298 4217 premissorum
1307 4131 1457 4215 predicta
1467 4149 1529 4197 uos·

411 4244 464 4303 tra
477 4235 664 4324 juramenta
680 4241 831 4307 violando
841 4241 920 4323 Nos,
936 4243 987 4308 vel
1002 4241 1140 4308 heredes
1156 4240 1260 4305 nostri
1271 4247 1329 4305 aut
1339 4255 1528 4306 successores
1593 4259 1595 4334 j

410 4345 584 4414 fecerimus
601 4353 659 4415 aut
674 4349 819 4431 fecerint,
837 4352 904 4416 siue
920 4351 1143 4418 obmiserimus
1160 4355 1217 4415 aut
1232 4347 1527 4414 obmiserintobser·
1594 4377 1595 4380 ¹

411 4474 509 4540 uuro3
543 4453 758 4525 Sacrosaucte
784 4457 931 4528 Romane
958 4457 1105 4526 Reclusis
1126 4456 1299 4554 Sumpmus
1316 4455 1466 4523 Pontifex
1492 4451 1527 4520 ad
1594 4449 1595 4500 ἑ
