3234 5238
645 304 738 374 lece.
1210 309 1250 376 19

127 483 164 550 de
175 482 316 568 Vigneio
332 485 460 566 clerico,
477 490 535 552 eut
551 505 664 552 eorum
682 487 789 570 alteri,
799 486 849 553 vel
860 506 971 552 eorum
983 494 1074 552 ceren
1086 489 1252 570 mandato,

125 591 231 658 vnoiss
262 593 336 660 nuri
366 595 563 678 quingentas
593 614 654 678 pro
684 595 833 679 expensis
867 593 1025 660 Ysabelle
1057 595 1124 662 filie
1150 595 1252 680 Regis

125 703 229 767 euntis
249 699 429 786 Vngarism
442 702 482 768 de
498 701 637 786 pecunie
654 701 815 786 presentis
842 701 1033 768 sumauonis
1049 703 1202 788 imposito
1217 703 1252 768 in

124 808 233 875 codem
246 809 478 874 Justitisriatu
502 831 562 893 pro
587 810 764 895 maritagio
790 809 891 894 ipsius
917 809 982 874 filie
998 809 1108 893 Regis,
1135 809 1184 876 vel
1211 809 1251 874 de

123 937 316 1000 quecunque
330 921 390 983 etc.
405 917 561 982 mandato
593 916 705 1000 ulique
737 925 799 984 etc.
826 917 1007 1001 Recepturi
1033 924 1092 982 etc.
1124 916 1249 982 Datum

121 1023 261 1108 Neapoli
278 1021 344 1086 m.
361 1021 439 1088 Iulii
455 1021 559 1088 XIII.
575 1024 773 1102 indictionis,
798 1023 907 1108 Regni
925 1025 1029 1090 nostri
1045 1044 1130 1090 anno
1147 1028 1250 1090 sexto.

229 1205 266 1266 (Δ
282 1203 421 1268 ›Registri
434 1203 586 1268 Angioinic
596 1202 902 1272 0.j11.sz.Reg.Ksroli
913 1203 1250 1270 1,ketetebolro.1.,u.o.)

605 1401 765 1412 ——u———n

665 1639 714 1700 15.

123 1795 296 1882 LKctroty
318 1794 445 1862 setrai
468 1793 651 1882 kirdtyuak
684 1795 879 1862 iuttzkedesc
910 1819 932 1862 u
962 1794 1081 1886 ledoya
1107 1793 1249 1862 Izatetta

125 1905 423 1994 Mapyurorczdpbu
440 1909 622 1971 utazdca'ra
638 1905 805 1992 szttketpcs
831 1907 932 1992 tujo‘k
949 1906 1141 1994 tdrpydbau.
1159 1903 1250 1973 1269,

228 2083 314 2149 Pro
339 2083 491 2165 galeis
514 2104 593 2167 pro
618 2081 847 2150 Yssbella
870 2083 976 2149 filia
996 2082 1140 2168 Regis.

239 2209 282 2286 Ἓ.
300 2208 466 2294 Scriptum
476 2218 527 2277 est
542 2211 647 2276 eidem
658 2211 846 2278 Iustitiario
856 2219 889 2278 et
898 2211 1019 2279 Erario
1029 2207 1146 2294 (Terre
1156 2203 1252 2290 Bari)

124 2341 193 2384 eum
210 2339 249 2384 eo
265 2325 422 2400 morante,
437 2319 525 2404 quod
541 2320 604 2387 tibi
620 2320 769 2404 predicto
794 2318 982 2385 Justitisrio
1000 2317 1167 2402 scripsisse
1183 2336 1251 2380 cre·
1330 2325 1333 2330 '

124 2427 229 2494 dimus
244 2427 279 2491 in
295 2427 357 2493 hoc
372 2425 488 2495 forms.

229 2535 379 2603 Kerolus
394 2541 454 2603 etc.
472 2534 497 2601 J
498 2536 662 2604 ostitiario
678 2535 782 2602 Terre
798 2535 880 2603 Bsm‘
905 2542 968 2604 etc.
995 2533 1079 2600 Cum
1094 2555 1154 2600 nos
1169 2531 1251 2598 Phi·

122 2643 212 2730 lippo
245 2645 286 2710 de
317 2643 443 2713 Sancte
468 2645 573 2711 Oruce
599 2650 659 2712 etc.
684 2668 742 2731 per
768 2652 899 2713 nostres
924 2666 1077 2731 expresse
1102 2643 1250 2710 dedimus

121 2753 254 2819 licteres
269 2754 302 2818 in
319 2754 493 2838 mandetis,
508 2761 543 2818 vt
559 2754 618 2822 sub
635 2755 785 2838 expensis
811 2754 911 2822 Ourie
927 2761 1037 2822 nostre
1068 2751 1249 2818 conducere

122 2867 187 2930 tres
204 2862 327 2944 gsless,
337 2863 516 2944 scemari,
527 2867 561 2927 et
576 2862 724 2929 omnibus
740 2865 934 2947 necessarijs
944 2861 1136 2930 communiri
1147 2859 1250 2926 faciut

122 2989 181 3053 pro
197 2969 408 3036 conducenda
431 2969 592 3037 Yssbelle
608 2977 668 3037 etc.
692 2970 735 3036 ad
751 2977 861 3057 partes
873 2971 1020 3056 Vngerie
1030 2967 1249 3054 supradictas:

123 3076 272 3144 volumus
288 3083 322 3144 et
352 3077 505 3146 fidelitati
535 3083 591 3144 tue
623 3079 771 3145 districte
802 3081 1012 3167 precipiendo
1050 3078 1251 3158 mandamus,

123 3185 214 3268 quod
230 3186 345 3252 stetim
359 3187 500 3270 receptis
516 3187 722 3270 presentibus
747 3189 834 3254 omni
849 3211 949 3271 mera,
965 3189 1133 3256 occasione
1157 3193 1189 3252 ct
1204 3185 1251 3252 di-

122 3293 246 3360 letione
278 3298 405 3360 remote
429 3295 600 3378 pecuniam
625 3298 842 3362 necessariam
866 3317 929 3379 pro
953 3296 1120 3364 armandis
1137 3303 1170 3362 et
1184 3317 1251 3361 mu·

65 3439 71 3446 ·
123 3400 251 3466 niendis
267 3401 365 3467 dietis
381 3403 487 3467 tribus
514 3403 617 3486 galeis
642 3405 789 3469 omnibus
816 3405 1017 3490 necessarijs,
1042 3403 1084 3469 ad
1115 3403 1253 3487 requisi-

124 3511 246 3575 tionem
261 3510 329 3575 inm
346 3510 426 3575 dicti
443 3509 502 3576 Ph.
528 3511 567 3575 de
584 3509 706 3577 Sancta
731 3509 837 3576 Ornos
853 3518 916 3577 etc.
932 3513 972 3577 de
990 3531 1183 3596 quecunque
1199 3532 1253 3594 pe·

126 3617 221 3682 cunis
251 3615 352 3682 Ourie
376 3623 495 3698 nostre,
525 3623 595 3681 tam
619 3618 659 3683 de
685 3619 828 3701 presenti
858 3618 1002 3704 generati
1032 3619 1254 3701 subuentione,

129 3745 229 3807 quum
244 3724 285 3791 de
301 3725 376 3810 sliu,
393 3747 457 3808 que
473 3731 524 3792 est
540 3732 598 3792 aut
614 3727 687 3807 erit,
703 3748 762 3810 per
777 3747 891 3792 manus
907 3734 982 3794 tuos
1002 3727 1148 3795 exhiberi
1180 3746 1254 3792 con·

128 3834 243 3899 euenit.
258 3833 465 3918 Recepturus
482 3841 542 3900 ete.
570 3836 727 3900 attentius
742 3834 917 3918 prouidere
942 3842 1002 3901 etc.
1018 3856 1084 3901 non
1102 3829 1254 3902 obstante

128 3947 180 4008 etc
204 3942 330 4007 Datum
353 3947 414 4007 etc.

233 4049 360 4119 Verum
377 4049 455 4131 quia
472 4045 689 4134 prescriptum
704 4049 895 4116 mundatum
919 4052 1067 4116 nostrum
1094 4047 1254 4114 executio·

128 4174 201 4222 nem
216 4157 363 4225 debitum
378 4176 444 4222 non
459 4158 591 4240 recepit,
607 4179 645 4223 eo
662 4158 751 4239 quod
766 4158 800 4221 in
816 4156 929 4223 eodem
956 4155 1110 4222 mandato
1142 4153 1253 4240 Ererij

127 4263 245 4328 mentio
260 4285 324 4329 non
341 4263 456 4332 fiebat:
473 4262 625 4332 fidelitati
643 4272 750 4332 vestre
775 4265 926 4331 districte
951 4263 1160 4352 precipimus,
1175 4282 1255 4350 que·

126 4377 222 4436 tenns
239 4373 352 4438 stetim
368 4377 499 4458 recepto
515 4375 670 4457 presenti,
686 4374 772 4440 sicut
797 4372 941 4439 Culmini
967 4373 1091 4441 Nostro
1122 4374 1255 4458 placere

129 4479 253 4562 cupitis,
269 4483 303 4545 et
318 4479 576 4566 indignationem
601 4487 748 4548 nostram
773 4483 940 4547 incurrere
955 4480 1151 4564 formidetis,
1182 4506 1254 4568 pre·

989 4596 1029 4674 ²*
