3170 5234
533 283 627 355 tarr.
741 360 746 373 x
1098 285 1161 354 ms

54 461 101 528 liis
113 469 207 550 atque
221 467 379 534 molest-iis
396 475 557 553 oportuno
574 475 685 535 nostre
703 465 898 534 defensionis
909 466 1051 549 presidio
1069 474 1161 534 tues·

54 592 119 638 mur.
133 573 195 640 Illo
211 596 341 663 quoque
357 579 502 644 remedio
519 578 746 644 subuoniemus
772 575 891 643 eisdem
920 577 1160 662 dampnificatis

55 680 168 764 silesia,
182 705 239 768 per
254 685 343 768 quod
358 687 598 772 imulempnitati
626 706 747 770 eorum,
772 692 805 750 ct
821 685 936 750 honori
953 683 1068 752 Nostri
1085 685 1163 752 Oul-

8 818 13 833 ·
56 787 136 853 minis
151 790 193 856 sit
207 792 387 874 prouisum.
402 794 494 860 Data
510 795 546 858 in
562 791 651 860 Casa
667 793 756 860 Sana
772 815 872 878 prope
889 790 1042 859 Castrum
1059 793 1165 860 Maris

10 914 12 927 ·
56 893 89 959 de
103 889 211 963 Stabia
227 920 313 965 anno
329 901 463 967 Domini
492 897 687 969 MOOCXI.
713 899 767 966 dic
792 899 934 970 XXVI.
956 898 1040 966 Julii
1063 895 1165 968 VIII.

55 1001 231 1089 indictionis
247 1007 439 1093 Regnorum
455 1015 642 1076 nostrorum
658 1028 743 1074 auno
759 1008 867 1076 tertio,

150 1169 185 1230 (A
201 1170 285 1237 alleg.
304 1169 456 1238 Angloini«
472 1172 503 1223 0.
520 1178 579 1224 197.
594 1188 631 1224 sz.
650 1171 717 1238 Reg.
740 1167 857 1230 Iloberti
870 1171 905 1224 R.
929 1170 1073 1227 lriilstsbol
1088 1174 1171 1241 1111

55 1253 220 1313 111111111ὶί1.
234 1262 346 1313 Grande
359 1264 547 1315 Arclrluioban
569 1263 756 1336 Napolyban.)

526 1441 686 1455 m

578 1663 651 1728 253.

59 1815 160 1889 Rotae
184 1812 312 1911 Ir'ciroly
337 1845 477 1910 crappum
504 1823 616 1910 lcimily'
641 1823 752 1888 Jadm
768 1825 875 1891 ueros
892 1823 1026 1912 ajdulja
1044 1850 1064 1891 a
1078 1830 1172 1913 pcipe

426 1931 676 2018 porlfoyufsa'bc.
692 1934 788 1997 1311.

154 2089 332 2158 Millesimo
363 2093 591 2159 trecentesimo
622 2091 803 2158 undecimo.
836 2091 1031 2178 Exemplum
1062 2093 1171 2159 littere

60 2197 168 2264 domini
183 2192 288 2284 Regis
319 2198 469 2284 Vagarie
500 2201 598 2269 misse
629 2200 759 2266 domino
785 2199 877 2287 Papc
902 2203 936 2266 in
952 2201 1096 2269 fauorem
1113 2203 1173 2266 Ja-

60 2305 219 2375 drensium.

155 2411 368 2504 sanctissimo
393 2417 482 2500 patri
498 2422 531 2482 st
557 2415 688 2484 domino
708 2411 838 2483 domino
856 2413 1017 2485 Clementi
1049 2417 1174 2486 Divina

59 2522 254 2604 prouidentia
280 2522 401 2590 Sancte
410 2524 559 2590 Romane
586 2546 625 2590 ac
641 2522 848 2594 Vniuersalis
873 2525 1023 2591 Ecclesic
1040 2525 1172 2591 Summo

60 2627 211 2715 Pontifici,
230 2631 369 2698 Carolus
384 2652 443 2718 per
463 2633 609 2699 eamdem
627 2631 1176 2720 Hungarie‚Da1maueemostis,

8 2722 13 2769 ³
60 2734 1076 2826 Rama,Seruis,Gallicis,Lodomerie‚00manie,Burgarieque
1091 2741 1174 2824 Rex,

1 2899 2 2902 ,
60 2841 207 2932 Princeps
233 2847 470 2932 Salernitanus,
488 2856 520 2914 et
536 2849 682 2914 Honoris
699 2848 823 2916 Montis
840 2846 954 2913 Sancti
971 2845 1093 2930 Angeli
1109 2848 1177 2912 Do·

1 3043 3 3045 ι
60 2955 166 3038 minua,
190 2979 265 3022 cum
289 2970 413 3023 summa
438 2958 625 3024 reuerentia
650 2964 684 3022 et
710 2955 894 3022 obedientis
920 2957 1040 3020 deuota
1057 2955 1176 3040 pedum

60 3062 164 3128 oscula
186 3065 367 3132 beatorum.
392 3063 494 3150 Apud
509 3064 629 3133 Vestro
640 3063 834 3130 Sanctitatis
851 3063 1089 3128 Excellentiam
1105 3083 1177 3145 pre-

59 3169 196 3238 sentibus
222 3168 373 3237 desidero
399 3171 550 3256 patificri,
589 3173 677 3254 quod
695 3169 822 3237 Ciuitas
837 3165 1032 3253 Jaulrlcnsis,
1049 3191 1110 3253 que
1127 3175 1179 3234 cst

59 3275 94 3342 de
115 3273 228 3360 Regno
253 3275 410 3363 vagaris,
435 3299 534 3362 quam
559 3278 680 3348 Veneti
705 3301 726 3345 a
749 3278 860 3343 multis
885 3275 1088 3360 temporibus
1112 3279 1179 3342 iam

58 3379 169 3466 elapsis
193 3384 420 3466 potentialiter
435 3393 628 3471 occupatam
643 3391 828 3468 tenuerunt,
845 3404 929 3448 nunc
949 3383 988 3450 de
1005 3384 1091 3451 dicto
1109 3407 1180 3450 nos-

58 3495 106 3556 tro
123 3490 237 3576 Regno
257 3492 399 3558 existens
415 3499 450 3560 et
465 3513 500 3558 so
517 3513 586 3558 esse
602 3510 839 3577 recognoscens
855 3491 898 3555 ad
916 3496 1063 3556 nostrum
1080 3493 1180 3558 domi·

58 3597 142 3663 nium
168 3621 241 3665 cum
268 3604 353 3667 omni
369 3600 527 3669 fidelitate
554 3609 605 3667 est
629 3621 771 3678 reuersa,
796 3605 933 3682 propter
959 3600 1046 3682 quod
1073 3603 1178 3684 ipsam

59 3701 174 3774 Veneti
199 3708 379 3792 supradicti
407 3711 591 3794 inquietant
616 3716 650 3776 et
667 3709 843 3776 molestant
858 3707 1045 3791 obsidendo,
1061 3717 1094 3773 et
1109 3711 1182 3776 iura

58 3812 163 3899 ipsius,
186 3817 409 3899 possessiones
434 3823 468 3883 et
492 3820 617 3884 insulas
643 3818 676 3883 in
700 3819 844 3900 ipsorum
859 3813 1075 3898 preiudicium
1092 3837 1182 3881 occu·

59 3922 172 4004 pando.
183 3921 294 4006 Quare
304 3921 424 3992 Vestro
436 3922 630 3992 Sanctitatis
641 3923 858 3991 reuerentiam
875 3921 1002 3986 deuotis
1018 3931 1051 3987 ct
1067 3921 1183 3989 humil»

58 4027 136 4094 limis
145 4051 278 4115 precum
288 4029 455 4099 instantiis
466 4034 597 4117 requiro
609 4035 717 4099 cordis
727 4032 841 4097 intimo
853 4049 926 4094 oum
936 4025 1063 4109 affectu,
1076 4037 1176 4112 quate

58 4156 114 4203 nus
124 4139 281 4220 dignetur
290 4137 414 4208 Vestra
425 4138 590 4207 Sanctitas
600 4142 679 4224 ipsis
690 4139 826 4209 Venetis
842 4137 1009 4218 iniungere
1035 4145 1064 4201 ei
1082 4136 1186 4220 preci·

58 4264 131 4327 pere
155 4243 299 4311 firmiter
323 4253 356 4310 ct
379 4245 539 4328 districtc,
565 4256 597 4312 vt
622 4249 662 4312 de
678 4256 786 4313 cetero
803 4244 867 4328 ipsi
883 4241 1004 4310 Veneti
1020 4245 1184 4328 predictos

59 4351 248 4419 Jadrienses
273 4353 306 4419 in
332 4352 421 4421 nullo
446 4362 638 4439 presumunt
662 4356 846 4431 molestare,
872 4371 930 4414 nec
947 4353 1083 4420 eandem
1100 4353 1189 4420 Ciui·

59 4462 158 4528 tatem
184 4461 345 4550 obsidere,
365 4469 398 4530 et
419 4469 454 4530 ut
471 4467 577 4531 onnus
593 4489 650 4550 per
667 4467 755 4552 ipsos
772 4463 917 4535 Venetos
933 4461 1078 4532 indebite
1095 4481 1188 4530 occu·

1022 4574 1082 4640 13*
