<?xml version="1.0" encoding="UTF-8"?>
<!DOCTYPE html PUBLIC "-//W3C//DTD XHTML 1.0 Transitional//EN"
    "http://www.w3.org/TR/xhtml1/DTD/xhtml1-transitional.dtd">
<html xmlns="http://www.w3.org/1999/xhtml" xml:lang="en" lang="en">
 <head>
  <title>
</title>
<meta http-equiv="Content-Type" content="text/html;charset=utf-8" />
  <meta name='ocr-system' content='tesseract 3.04.00' />
  <meta name='ocr-capabilities' content='ocr_page ocr_carea ocr_par ocr_line ocrx_word'/>
</head>
<body>
  <div class='ocr_page' id='page_1' title='image "./magyardiplomacz02wenzgoog_0430.png"; bbox 0 0 3244 5236; ppageno 0'>
   <div class='ocr_carea' id='block_1_1' title="bbox 755 335 1543 402">
    <p class='ocr_par' dir='ltr' id='par_1_1' title="bbox 755 335 1543 402">
     <span class='ocr_line' id='line_1_1' title="bbox 755 335 1543 402; baseline 0.009 -8"><span class='ocrx_word' id='word_1_1' title='bbox 755 350 988 396; x_wconf 79' lang='lat' dir='ltr'>umnousczrm</span> <span class='ocrx_word' id='word_1_2' title='bbox 1014 335 1178 398; x_wconf 81' lang='lat' dir='ltr'>nuobnnu.</span> <span class='ocrx_word' id='word_1_3' title='bbox 1477 338 1543 402; x_wconf 80' lang='lat'>384</span> 
     </span>
    </p>
   </div>
   <div class='ocr_carea' id='block_1_2' title="bbox 388 510 1619 4341">
    <p class='ocr_par' dir='ltr' id='par_1_2' title="bbox 410 510 1539 689">
     <span class='ocr_line' id='line_1_2' title="bbox 410 510 1539 596; baseline -0.004 -12"><span class='ocrx_word' id='word_1_4' title='bbox 410 523 532 584; x_wconf 78' lang='lat' dir='ltr'>statum</span> <span class='ocrx_word' id='word_1_5' title='bbox 563 515 709 596; x_wconf 88' lang='lat' dir='ltr'>ipsarum</span> <span class='ocrx_word' id='word_1_6' title='bbox 740 517 913 593; x_wconf 86' lang='lat' dir='ltr'>terrorum,</span> <span class='ocrx_word' id='word_1_7' title='bbox 943 510 1114 576; x_wconf 85' lang='lat' dir='ltr'>scribendo</span> <span class='ocrx_word' id='word_1_8' title='bbox 1146 533 1222 596; x_wconf 86' lang='lat' dir='ltr'>sepe</span> <span class='ocrx_word' id='word_1_9' title='bbox 1253 513 1357 595; x_wconf 90' lang='lat' dir='ltr'>nobis,</span> <span class='ocrx_word' id='word_1_10' title='bbox 1383 522 1416 579; x_wconf 91' lang='lat' dir='ltr'>et</span> <span class='ocrx_word' id='word_1_11' title='bbox 1449 537 1539 580; x_wconf 89' lang='lat' dir='ltr'>suum</span> 
     </span>
     <span class='ocr_line' id='line_1_3' title="bbox 411 623 590 689; baseline -0.006 -1"><span class='ocrx_word' id='word_1_12' title='bbox 411 623 590 689; x_wconf 90' lang='lat' dir='ltr'>consilium.</span> 
     </span>
    </p>

    <p class='ocr_par' dir='ltr' id='par_1_3' title="bbox 408 723 1540 1350">
     <span class='ocr_line' id='line_1_4' title="bbox 518 723 1540 813; baseline 0.004 -23"><span class='ocrx_word' id='word_1_13' title='bbox 518 727 680 812; x_wconf 78' lang='lat' dir='ltr'>Capta:</span> <span class='ocrx_word' id='word_1_14' title='bbox 697 723 870 798; x_wconf 86' lang='lat' dir='ltr'>Scribatur</span> <span class='ocrx_word' id='word_1_15' title='bbox 894 726 1013 791; x_wconf 90' lang='lat' dir='ltr'>iterum</span> <span class='ocrx_word' id='word_1_16' title='bbox 1041 726 1160 793; x_wconf 72' lang='lat' dir='ltr'>comiti</span> <span class='ocrx_word' id='word_1_17' title='bbox 1178 725 1276 811; x_wconf 87' lang='lat' dir='ltr'>Arbi,</span> <span class='ocrx_word' id='word_1_18' title='bbox 1290 730 1379 812; x_wconf 87' lang='lat' dir='ltr'>quod</span> <span class='ocrx_word' id='word_1_19' title='bbox 1396 731 1540 813; x_wconf 85' lang='lat' dir='ltr'>inquirat</span> 
     </span>
     <span class='ocr_line' id='line_1_5' title="bbox 411 832 1539 919; baseline 0.001 -17"><span class='ocrx_word' id='word_1_20' title='bbox 411 837 531 904; x_wconf 81' lang='lat' dir='ltr'>deiude</span> <span class='ocrx_word' id='word_1_21' title='bbox 545 845 614 902; x_wconf 87' lang='lat' dir='ltr'>tam</span> <span class='ocrx_word' id='word_1_22' title='bbox 631 857 651 900; x_wconf 84' lang='lat' dir='ltr'>a</span> <span class='ocrx_word' id='word_1_23' title='bbox 667 832 850 899; x_wconf 81' lang='lat' dir='ltr'>(lomitibus</span> <span class='ocrx_word' id='word_1_24' title='bbox 867 833 995 918; x_wconf 83' lang='lat' dir='ltr'>Doymo</span> <span class='ocrx_word' id='word_1_25' title='bbox 1012 842 1045 899; x_wconf 85' lang='lat' dir='ltr'>ct</span> <span class='ocrx_word' id='word_1_26' title='bbox 1055 834 1227 916; x_wconf 88' lang='lat' dir='ltr'>Bartholo,</span> <span class='ocrx_word' id='word_1_27' title='bbox 1243 857 1342 919; x_wconf 86' lang='lat' dir='ltr'>quam</span> <span class='ocrx_word' id='word_1_28' title='bbox 1352 839 1393 903; x_wconf 92' lang='lat' dir='ltr'>ab</span> <span class='ocrx_word' id='word_1_29' title='bbox 1407 838 1480 903; x_wconf 88' lang='lat' dir='ltr'>aliis</span> <span class='ocrx_word' id='word_1_30' title='bbox 1497 837 1539 902; x_wconf 85' lang='lat' dir='ltr'>de</span> 
     </span>
     <span class='ocr_line' id='line_1_6' title="bbox 410 940 1538 1026; baseline -0.004 -14"><span class='ocrx_word' id='word_1_31' title='bbox 410 944 553 1012; x_wconf 83' lang='lat' dir='ltr'>adventu</span> <span class='ocrx_word' id='word_1_32' title='bbox 570 943 673 1026; x_wconf 77' lang='lat' dir='ltr'>Regis</span> <span class='ocrx_word' id='word_1_33' title='bbox 690 940 846 1024; x_wconf 79' lang='lat' dir='ltr'>Vngarie,</span> <span class='ocrx_word' id='word_1_34' title='bbox 863 941 1042 1023; x_wconf 81' lang='lat' dir='ltr'>siquando</span> <span class='ocrx_word' id='word_1_35' title='bbox 1058 940 1194 1008; x_wconf 88' lang='lat' dir='ltr'>firmiter</span> <span class='ocrx_word' id='word_1_36' title='bbox 1210 952 1363 1011; x_wconf 82' lang='lat' dir='ltr'>venturus</span> <span class='ocrx_word' id='word_1_37' title='bbox 1380 953 1438 1024; x_wconf 86' lang='lat' dir='ltr'>est,</span> <span class='ocrx_word' id='word_1_38' title='bbox 1447 952 1481 1011; x_wconf 83' lang='lat' dir='ltr'>et</span> <span class='ocrx_word' id='word_1_39' title='bbox 1496 945 1538 1009; x_wconf 87' lang='lat' dir='ltr'>de</span> 
     </span>
     <span class='ocr_line' id='line_1_7' title="bbox 408 1049 1539 1134; baseline -0.002 -16"><span class='ocrx_word' id='word_1_40' title='bbox 408 1053 494 1118; x_wconf 91' lang='lat' dir='ltr'>omni</span> <span class='ocrx_word' id='word_1_41' title='bbox 510 1052 584 1132; x_wconf 84' lang='lat' dir='ltr'>alio,</span> <span class='ocrx_word' id='word_1_42' title='bbox 600 1050 688 1134; x_wconf 88' lang='lat' dir='ltr'>quod</span> <span class='ocrx_word' id='word_1_43' title='bbox 704 1049 892 1132; x_wconf 79' lang='lat' dir='ltr'>cognoverit</span> <span class='ocrx_word' id='word_1_44' title='bbox 907 1049 1071 1132; x_wconf 86' lang='lat' dir='ltr'>pertinere</span> <span class='ocrx_word' id='word_1_45' title='bbox 1081 1050 1123 1115; x_wconf 88' lang='lat' dir='ltr'>ad</span> <span class='ocrx_word' id='word_1_46' title='bbox 1134 1050 1291 1116; x_wconf 83' lang='lat' dir='ltr'>honorem</span> <span class='ocrx_word' id='word_1_47' title='bbox 1307 1055 1410 1118; x_wconf 87' lang='lat' dir='ltr'>nostri</span> <span class='ocrx_word' id='word_1_48' title='bbox 1424 1053 1539 1118; x_wconf 89' lang='lat' dir='ltr'>Domi·</span> 
     </span>
     <span class='ocr_line' id='line_1_8' title="bbox 410 1156 1537 1242; baseline 0.001 -18"><span class='ocrx_word' id='word_1_49' title='bbox 410 1161 455 1225; x_wconf 90' lang='lat' dir='ltr'>nii</span> <span class='ocrx_word' id='word_1_50' title='bbox 472 1166 505 1225; x_wconf 85' lang='lat' dir='ltr'>et</span> <span class='ocrx_word' id='word_1_51' title='bbox 521 1161 641 1224; x_wconf 93' lang='lat' dir='ltr'>bonum</span> <span class='ocrx_word' id='word_1_52' title='bbox 658 1165 779 1224; x_wconf 86' lang='lat' dir='ltr'>statum</span> <span class='ocrx_word' id='word_1_53' title='bbox 796 1157 942 1239; x_wconf 90' lang='lat' dir='ltr'>ipsarum</span> <span class='ocrx_word' id='word_1_54' title='bbox 973 1164 1135 1222; x_wconf 81' lang='lat' dir='ltr'>terrarum</span> <span class='ocrx_word' id='word_1_55' title='bbox 1163 1156 1346 1242; x_wconf 84' lang='lat' dir='ltr'>Sclauonie,</span> <span class='ocrx_word' id='word_1_56' title='bbox 1361 1159 1401 1223; x_wconf 88' lang='lat' dir='ltr'>de</span> <span class='ocrx_word' id='word_1_57' title='bbox 1416 1159 1537 1241; x_wconf 86' lang='lat' dir='ltr'>quibus</span> 
     </span>
     <span class='ocr_line' id='line_1_9' title="bbox 410 1263 1272 1350; baseline -0.001 -18"><span class='ocrx_word' id='word_1_58' title='bbox 410 1267 504 1334; x_wconf 91' lang='lat' dir='ltr'>nobis</span> <span class='ocrx_word' id='word_1_59' title='bbox 521 1287 595 1350; x_wconf 85' lang='lat' dir='ltr'>sepe</span> <span class='ocrx_word' id='word_1_60' title='bbox 612 1263 744 1342; x_wconf 85' lang='lat' dir='ltr'>scribat,</span> <span class='ocrx_word' id='word_1_61' title='bbox 760 1268 795 1328; x_wconf 90' lang='lat' dir='ltr'>et</span> <span class='ocrx_word' id='word_1_62' title='bbox 810 1263 960 1329; x_wconf 87' lang='lat' dir='ltr'>similiter</span> <span class='ocrx_word' id='word_1_63' title='bbox 975 1285 1067 1328; x_wconf 89' lang='lat' dir='ltr'>suum</span> <span class='ocrx_word' id='word_1_64' title='bbox 1093 1265 1272 1331; x_wconf 87' lang='lat' dir='ltr'>consilium.</span> 
     </span>
    </p>

    <p class='ocr_par' dir='ltr' id='par_1_4' title="bbox 388 1368 1539 2513">
     <span class='ocr_line' id='line_1_10' title="bbox 516 1368 1538 1458; baseline 0 -20"><span class='ocrx_word' id='word_1_65' title='bbox 516 1373 679 1452; x_wconf 82' lang='lat' dir='ltr'>Ceterum,</span> <span class='ocrx_word' id='word_1_66' title='bbox 710 1372 787 1454; x_wconf 88' lang='lat' dir='ltr'>quia</span> <span class='ocrx_word' id='word_1_67' title='bbox 812 1392 871 1454; x_wconf 92' lang='lat' dir='ltr'>per</span> <span class='ocrx_word' id='word_1_68' title='bbox 897 1368 1058 1436; x_wconf 79' lang='lat' dir='ltr'><strong>Comitem</strong></span> <span class='ocrx_word' id='word_1_69' title='bbox 1084 1379 1233 1439; x_wconf 89' lang='lat' dir='ltr'>nostrum</span> <span class='ocrx_word' id='word_1_70' title='bbox 1247 1374 1355 1440; x_wconf 78' lang='lat' dir='ltr'>Jaore</span> <span class='ocrx_word' id='word_1_71' title='bbox 1371 1374 1538 1458; x_wconf 86' lang='lat' dir='ltr'>babemus,</span> 
     </span>
     <span class='ocr_line' id='line_1_11' title="bbox 409 1477 1539 1566; baseline -0.001 -18"><span class='ocrx_word' id='word_1_72' title='bbox 409 1483 496 1566; x_wconf 91' lang='lat' dir='ltr'>quod</span> <span class='ocrx_word' id='word_1_73' title='bbox 511 1481 689 1566; x_wconf 72' lang='lat' dir='ltr'>Jaslratini,</span> <span class='ocrx_word' id='word_1_74' title='bbox 721 1479 791 1562; x_wconf 92' lang='lat' dir='ltr'>ipso</span> <span class='ocrx_word' id='word_1_75' title='bbox 823 1477 950 1544; x_wconf 81' lang='lat' dir='ltr'>Comite</span> <span class='ocrx_word' id='word_1_76' title='bbox 984 1478 1086 1544; x_wconf 85' lang='lat' dir='ltr'>invito</span> <span class='ocrx_word' id='word_1_77' title='bbox 1112 1488 1144 1544; x_wconf 86' lang='lat' dir='ltr'>et</span> <span class='ocrx_word' id='word_1_78' title='bbox 1169 1481 1349 1562; x_wconf 71' lang='lat' dir='ltr'>resistente,</span> <span class='ocrx_word' id='word_1_79' title='bbox 1381 1483 1539 1547; x_wconf 89' lang='lat' dir='ltr'>miserunt</span> 
     </span>
     <span class='ocr_line' id='line_1_12' title="bbox 410 1585 1538 1672; baseline 0 -18"><span class='ocrx_word' id='word_1_80' title='bbox 410 1588 541 1655; x_wconf 84' lang='lat' dir='ltr'>Soniam</span> <span class='ocrx_word' id='word_1_81' title='bbox 558 1589 638 1653; x_wconf 90' lang='lat' dir='ltr'>duos</span> <span class='ocrx_word' id='word_1_82' title='bbox 655 1586 779 1652; x_wconf 86' lang='lat' dir='ltr'>nobiles</span> <span class='ocrx_word' id='word_1_83' title='bbox 796 1585 836 1650; x_wconf 86' lang='lat' dir='ltr'>de</span> <span class='ocrx_word' id='word_1_84' title='bbox 851 1585 877 1651; x_wconf 88' lang='lat' dir='ltr'><strong>J</strong></span> <span class='ocrx_word' id='word_1_85' title='bbox 879 1586 963 1651; x_wconf 85' lang='lat' dir='ltr'>adra</span> <span class='ocrx_word' id='word_1_86' title='bbox 989 1607 1048 1668; x_wconf 90' lang='lat' dir='ltr'>pro</span> <span class='ocrx_word' id='word_1_87' title='bbox 1073 1587 1208 1652; x_wconf 90' lang='lat' dir='ltr'>emendo</span> <span class='ocrx_word' id='word_1_88' title='bbox 1225 1609 1323 1652; x_wconf 83' lang='lat' dir='ltr'>unam</span> <span class='ocrx_word' id='word_1_89' title='bbox 1339 1588 1467 1672; x_wconf 84' lang='lat' dir='ltr'>galeam</span> <span class='ocrx_word' id='word_1_90' title='bbox 1483 1612 1538 1654; x_wconf 81' lang='lat' dir='ltr'>no</span> 
     </span>
     <span class='ocr_line' id='line_1_13' title="bbox 408 1693 1539 1779; baseline 0.004 -17"><span class='ocrx_word' id='word_1_91' title='bbox 408 1719 482 1764; x_wconf 81' lang='lat' dir='ltr'>ram</span> <span class='ocrx_word' id='word_1_92' title='bbox 498 1694 636 1762; x_wconf 82' lang='lat' dir='ltr'>Comitis</span> <span class='ocrx_word' id='word_1_93' title='bbox 652 1694 781 1779; x_wconf 80' lang='lat' dir='ltr'>Doymi,</span> <span class='ocrx_word' id='word_1_94' title='bbox 796 1693 852 1778; x_wconf 91' lang='lat' dir='ltr'>qui</span> <span class='ocrx_word' id='word_1_95' title='bbox 878 1693 923 1758; x_wconf 94' lang='lat' dir='ltr'>ibi</span> <span class='ocrx_word' id='word_1_96' title='bbox 948 1699 1007 1776; x_wconf 89' lang='lat' dir='ltr'>est,</span> <span class='ocrx_word' id='word_1_97' title='bbox 1031 1700 1065 1758; x_wconf 85' lang='lat' dir='ltr'>et</span> <span class='ocrx_word' id='word_1_98' title='bbox 1082 1714 1140 1776; x_wconf 93' lang='lat' dir='ltr'>pro</span> <span class='ocrx_word' id='word_1_99' title='bbox 1161 1693 1245 1776; x_wconf 88' lang='lat' dir='ltr'>aliis,</span> <span class='ocrx_word' id='word_1_100' title='bbox 1262 1717 1334 1760; x_wconf 90' lang='lat' dir='ltr'>cum</span> <span class='ocrx_word' id='word_1_101' title='bbox 1351 1715 1416 1778; x_wconf 89' lang='lat' dir='ltr'>qua</span> <span class='ocrx_word' id='word_1_102' title='bbox 1432 1696 1539 1778; x_wconf 78' lang='lat' dir='ltr'>galea.</span> 
     </span>
     <span class='ocr_line' id='line_1_14' title="bbox 408 1800 1538 1886; baseline -0.001 -16"><span class='ocrx_word' id='word_1_103' title='bbox 408 1803 436 1870; x_wconf 90' lang='lat' dir='ltr'>si</span> <span class='ocrx_word' id='word_1_104' title='bbox 452 1807 623 1884; x_wconf 88' lang='lat' dir='ltr'>emeretur,</span> <span class='ocrx_word' id='word_1_105' title='bbox 654 1809 786 1886; x_wconf 83' lang='lat' dir='ltr'>possent</span> <span class='ocrx_word' id='word_1_106' title='bbox 818 1800 939 1865; x_wconf 82' lang='lat' dir='ltr'>inferre</span> <span class='ocrx_word' id='word_1_107' title='bbox 956 1820 1020 1866; x_wconf 91' lang='lat' dir='ltr'>non</span> <span class='ocrx_word' id='word_1_108' title='bbox 1048 1800 1210 1866; x_wconf 88' lang='lat' dir='ltr'>modicum</span> <span class='ocrx_word' id='word_1_109' title='bbox 1225 1803 1389 1883; x_wconf 86' lang='lat' dir='ltr'>damnum,</span> <span class='ocrx_word' id='word_1_110' title='bbox 1405 1804 1538 1886; x_wconf 87' lang='lat' dir='ltr'>quando</span> 
     </span>
     <span class='ocr_line' id='line_1_15' title="bbox 388 1895 1538 1992; baseline -0.002 -16"><span class='ocrx_word' id='word_1_111' title='bbox 388 1895 516 1976; x_wconf 59' lang='lat' dir='ltr'>&#39;essent</span> <span class='ocrx_word' id='word_1_112' title='bbox 532 1910 618 1976; x_wconf 85' lang='lat' dir='ltr'>male</span> <span class='ocrx_word' id='word_1_113' title='bbox 644 1909 812 1992; x_wconf 85' lang='lat' dir='ltr'>dispositi:</span> <span class='ocrx_word' id='word_1_114' title='bbox 847 1908 934 1974; x_wconf 86' lang='lat' dir='ltr'>vadit</span> <span class='ocrx_word' id='word_1_115' title='bbox 967 1929 1053 1990; x_wconf 81' lang='lat' dir='ltr'>pars,</span> <span class='ocrx_word' id='word_1_116' title='bbox 1084 1909 1171 1991; x_wconf 86' lang='lat' dir='ltr'>quod</span> <span class='ocrx_word' id='word_1_117' title='bbox 1203 1911 1424 1976; x_wconf 85' lang='lat' dir='ltr'>committetur</span> <span class='ocrx_word' id='word_1_118' title='bbox 1448 1911 1538 1976; x_wconf 89' lang='lat' dir='ltr'>dicto</span> 
     </span>
     <span class='ocr_line' id='line_1_16' title="bbox 407 2016 1537 2100; baseline -0.002 -16"><span class='ocrx_word' id='word_1_119' title='bbox 407 2018 527 2084; x_wconf 74' lang='lat' dir='ltr'>Comiti</span> <span class='ocrx_word' id='word_1_120' title='bbox 542 2017 640 2098; x_wconf 90' lang='lat' dir='ltr'>Arbi,</span> <span class='ocrx_word' id='word_1_121' title='bbox 659 2017 744 2100; x_wconf 88' lang='lat' dir='ltr'>quod</span> <span class='ocrx_word' id='word_1_122' title='bbox 776 2021 932 2099; x_wconf 89' lang='lat' dir='ltr'>procuret</span> <span class='ocrx_word' id='word_1_123' title='bbox 962 2016 1048 2082; x_wconf 89' lang='lat' dir='ltr'>omni</span> <span class='ocrx_word' id='word_1_124' title='bbox 1081 2037 1138 2081; x_wconf 91' lang='lat' dir='ltr'>suo</span> <span class='ocrx_word' id='word_1_125' title='bbox 1162 2037 1258 2100; x_wconf 92' lang='lat' dir='ltr'>posse</span> <span class='ocrx_word' id='word_1_126' title='bbox 1274 2018 1324 2082; x_wconf 84' lang='lat' dir='ltr'>rel</span> <span class='ocrx_word' id='word_1_127' title='bbox 1341 2018 1375 2081; x_wconf 92' lang='lat' dir='ltr'>in</span> <span class='ocrx_word' id='word_1_128' title='bbox 1399 2017 1537 2083; x_wconf 90' lang='lat' dir='ltr'>emendo</span> 
     </span>
     <span class='ocr_line' id='line_1_17' title="bbox 406 2123 1535 2210; baseline -0.001 -20"><span class='ocrx_word' id='word_1_129' title='bbox 406 2125 512 2209; x_wconf 81' lang='lat' dir='ltr'>ipsam</span> <span class='ocrx_word' id='word_1_130' title='bbox 529 2126 657 2210; x_wconf 82' lang='lat' dir='ltr'>galeam</span> <span class='ocrx_word' id='word_1_131' title='bbox 673 2124 725 2190; x_wconf 86' lang='lat' dir='ltr'>vel</span> <span class='ocrx_word' id='word_1_132' title='bbox 742 2123 808 2189; x_wconf 91' lang='lat' dir='ltr'>alio</span> <span class='ocrx_word' id='word_1_133' title='bbox 833 2123 1036 2189; x_wconf 87' lang='lat' dir='ltr'>convenienti</span> <span class='ocrx_word' id='word_1_134' title='bbox 1067 2123 1173 2206; x_wconf 88' lang='lat' dir='ltr'>modo,</span> <span class='ocrx_word' id='word_1_135' title='bbox 1188 2123 1364 2189; x_wconf 88' lang='lat' dir='ltr'>dummodo</span> <span class='ocrx_word' id='word_1_136' title='bbox 1380 2125 1452 2208; x_wconf 85' lang='lat' dir='ltr'>ipsa</span> <span class='ocrx_word' id='word_1_137' title='bbox 1469 2146 1535 2189; x_wconf 91' lang='lat' dir='ltr'>non</span> 
     </span>
     <span class='ocr_line' id='line_1_18' title="bbox 406 2230 1533 2315; baseline -0.001 -17"><span class='ocrx_word' id='word_1_138' title='bbox 406 2235 514 2299; x_wconf 81' lang='lat' dir='ltr'>veniat</span> <span class='ocrx_word' id='word_1_139' title='bbox 531 2232 574 2298; x_wconf 90' lang='lat' dir='ltr'>ad</span> <span class='ocrx_word' id='word_1_140' title='bbox 590 2252 704 2298; x_wconf 83' lang='lat' dir='ltr'>manus</span> <span class='ocrx_word' id='word_1_141' title='bbox 730 2230 868 2296; x_wconf 88' lang='lat' dir='ltr'>alicuius</span> <span class='ocrx_word' id='word_1_142' title='bbox 894 2231 944 2296; x_wconf 87' lang='lat' dir='ltr'>vel</span> <span class='ocrx_word' id='word_1_143' title='bbox 970 2231 1162 2313; x_wconf 84' lang='lat' dir='ltr'>aliquorum,</span> <span class='ocrx_word' id='word_1_144' title='bbox 1177 2231 1233 2312; x_wconf 92' lang='lat' dir='ltr'>qui</span> <span class='ocrx_word' id='word_1_145' title='bbox 1258 2252 1330 2296; x_wconf 90' lang='lat' dir='ltr'>cum</span> <span class='ocrx_word' id='word_1_146' title='bbox 1347 2253 1386 2298; x_wconf 88' lang='lat' dir='ltr'>ea</span> <span class='ocrx_word' id='word_1_147' title='bbox 1399 2243 1533 2315; x_wconf 84' lang='lat' dir='ltr'>possent</span> 
     </span>
     <span class='ocr_line' id='line_1_19' title="bbox 406 2336 1535 2422; baseline -0.001 -18"><span class='ocrx_word' id='word_1_148' title='bbox 406 2340 508 2406; x_wconf 88' lang='lat' dir='ltr'>infere</span> <span class='ocrx_word' id='word_1_149' title='bbox 540 2339 716 2422; x_wconf 85' lang='lat' dir='ltr'>dompnum</span> <span class='ocrx_word' id='word_1_150' title='bbox 736 2343 769 2403; x_wconf 90' lang='lat' dir='ltr'>et</span> <span class='ocrx_word' id='word_1_151' title='bbox 789 2338 957 2404; x_wconf 87' lang='lat' dir='ltr'>sinistrum</span> <span class='ocrx_word' id='word_1_152' title='bbox 975 2345 1087 2404; x_wconf 89' lang='lat' dir='ltr'>nostro</span> <span class='ocrx_word' id='word_1_153' title='bbox 1112 2336 1285 2403; x_wconf 83' lang='lat' dir='ltr'>Communi</span> <span class='ocrx_word' id='word_1_154' title='bbox 1317 2345 1350 2404; x_wconf 88' lang='lat' dir='ltr'>et</span> <span class='ocrx_word' id='word_1_155' title='bbox 1375 2341 1440 2406; x_wconf 90' lang='lat' dir='ltr'>suis</span> <span class='ocrx_word' id='word_1_156' title='bbox 1456 2340 1535 2404; x_wconf 85' lang='lat' dir='ltr'>fide-</span> 
     </span>
     <span class='ocr_line' id='line_1_20' title="bbox 404 2449 500 2513; baseline -0.01 -1"><span class='ocrx_word' id='word_1_157' title='bbox 404 2449 500 2513; x_wconf 90' lang='lat' dir='ltr'>libus.</span> 
     </span>
    </p>

    <p class='ocr_par' dir='ltr' id='par_1_5' title="bbox 401 2552 1619 3608">
     <span class='ocr_line' id='line_1_21' title="bbox 514 2552 1537 2638; baseline -0.002 -18"><span class='ocrx_word' id='word_1_158' title='bbox 514 2553 674 2638; x_wconf 82' lang='lat' dir='ltr'>Capta:</span> <span class='ocrx_word' id='word_1_159' title='bbox 692 2552 865 2620; x_wconf 74' lang='lat' dir='ltr'>scribatur</span> <span class='ocrx_word' id='word_1_160' title='bbox 892 2554 991 2620; x_wconf 87' lang='lat' dir='ltr'>etiam</span> <span class='ocrx_word' id='word_1_161' title='bbox 1018 2555 1151 2622; x_wconf 85' lang='lat' dir='ltr'>Consuli</span> <span class='ocrx_word' id='word_1_162' title='bbox 1168 2563 1200 2621; x_wconf 88' lang='lat' dir='ltr'>et</span> <span class='ocrx_word' id='word_1_163' title='bbox 1216 2555 1451 2621; x_wconf 84' lang='lat' dir='ltr'>mercatoribus</span> <span class='ocrx_word' id='word_1_164' title='bbox 1467 2554 1537 2622; x_wconf 81' lang='lat' dir='ltr'>Ve-</span> 
     </span>
     <span class='ocr_line' id='line_1_22' title="bbox 405 2661 1539 2747; baseline 0 -19"><span class='ocrx_word' id='word_1_165' title='bbox 405 2663 489 2730; x_wconf 90' lang='lat' dir='ltr'>netis</span> <span class='ocrx_word' id='word_1_166' title='bbox 501 2664 535 2730; x_wconf 91' lang='lat' dir='ltr'>in</span> <span class='ocrx_word' id='word_1_167' title='bbox 547 2661 669 2746; x_wconf 85' lang='lat' dir='ltr'>Segnia</span> <span class='ocrx_word' id='word_1_168' title='bbox 680 2662 962 2744; x_wconf 83' lang='lat' dir='ltr'>commorantibus,</span> <span class='ocrx_word' id='word_1_169' title='bbox 979 2669 1016 2727; x_wconf 87' lang='lat' dir='ltr'>nt</span> <span class='ocrx_word' id='word_1_170' title='bbox 1032 2661 1171 2728; x_wconf 83' lang='lat' dir='ltr'>aliss&#39;eis</span> <span class='ocrx_word' id='word_1_171' title='bbox 1188 2664 1345 2747; x_wconf 90' lang='lat' dir='ltr'>scriptum</span> <span class='ocrx_word' id='word_1_172' title='bbox 1362 2662 1431 2742; x_wconf 84' lang='lat' dir='ltr'>fuit,</span> <span class='ocrx_word' id='word_1_173' title='bbox 1448 2685 1539 2728; x_wconf 86' lang='lat' dir='ltr'>reco-</span> 
     </span>
     <span class='ocr_line' id='line_1_23' title="bbox 405 2769 1536 2852; baseline 0 -16"><span class='ocrx_word' id='word_1_174' title='bbox 405 2769 589 2836; x_wconf 86' lang='lat' dir='ltr'>mendando</span> <span class='ocrx_word' id='word_1_175' title='bbox 607 2791 718 2834; x_wconf 90' lang='lat' dir='ltr'>eorum</span> <span class='ocrx_word' id='word_1_176' title='bbox 734 2769 926 2836; x_wconf 80' lang='lat' dir='ltr'>fidelitatem</span> <span class='ocrx_word' id='word_1_177' title='bbox 952 2776 986 2835; x_wconf 87' lang='lat' dir='ltr'>et</span> <span class='ocrx_word' id='word_1_178' title='bbox 1011 2770 1268 2850; x_wconf 85' lang='lat' dir='ltr'>sollicitudinem,</span> <span class='ocrx_word' id='word_1_179' title='bbox 1295 2791 1394 2852; x_wconf 84' lang='lat' dir='ltr'>quam</span> <span class='ocrx_word' id='word_1_180' title='bbox 1411 2770 1536 2836; x_wconf 82' lang='lat' dir='ltr'>habent</span> 
     </span>
     <span class='ocr_line' id='line_1_24' title="bbox 405 2878 1619 2976; baseline -0.002 -31"><span class='ocrx_word' id='word_1_181' title='bbox 405 2882 439 2945; x_wconf 92' lang='lat' dir='ltr'>in</span> <span class='ocrx_word' id='word_1_182' title='bbox 455 2878 639 2946; x_wconf 85' lang='lat' dir='ltr'>denotando</span> <span class='ocrx_word' id='word_1_183' title='bbox 654 2879 747 2943; x_wconf 90' lang='lat' dir='ltr'>uobis</span> <span class='ocrx_word' id='word_1_184' title='bbox 763 2899 855 2960; x_wconf 88' lang='lat' dir='ltr'>nova,</span> <span class='ocrx_word' id='word_1_185' title='bbox 871 2899 933 2962; x_wconf 91' lang='lat' dir='ltr'>que</span> <span class='ocrx_word' id='word_1_186' title='bbox 950 2879 983 2943; x_wconf 92' lang='lat' dir='ltr'>in</span> <span class='ocrx_word' id='word_1_187' title='bbox 999 2878 1065 2944; x_wconf 92' lang='lat' dir='ltr'>illis</span> <span class='ocrx_word' id='word_1_188' title='bbox 1081 2880 1230 2962; x_wconf 87' lang='lat' dir='ltr'>partibus</span> <span class='ocrx_word' id='word_1_189' title='bbox 1251 2887 1324 2944; x_wconf 91' lang='lat' dir='ltr'>sunt</span> <span class='ocrx_word' id='word_1_190' title='bbox 1341 2878 1514 2944; x_wconf 79' lang='lat' dir='ltr'>manifesta</span> <span class='ocrx_word' id='word_1_191' title='bbox 1529 2919 1537 2974; x_wconf 77' lang='lat'><em>3</em></span> <span class='ocrx_word' id='word_1_192' title='bbox 1616 2907 1619 2976; x_wconf 38' lang='grc' dir='ltr'><em>Ξ</em></span> 
     </span>
     <span class='ocr_line' id='line_1_25' title="bbox 405 2987 1534 3073; baseline -0.004 -18"><span class='ocrx_word' id='word_1_193' title='bbox 405 2996 438 3055; x_wconf 88' lang='lat' dir='ltr'>et</span> <span class='ocrx_word' id='word_1_194' title='bbox 453 2988 541 3073; x_wconf 83' lang='lat' dir='ltr'>quod</span> <span class='ocrx_word' id='word_1_195' title='bbox 558 3009 622 3056; x_wconf 90' lang='lat' dir='ltr'>non</span> <span class='ocrx_word' id='word_1_196' title='bbox 638 2987 793 3052; x_wconf 88' lang='lat' dir='ltr'>habentes</span> <span class='ocrx_word' id='word_1_197' title='bbox 811 2987 990 3070; x_wconf 86' lang='lat' dir='ltr'>respectum</span> <span class='ocrx_word' id='word_1_198' title='bbox 1005 2987 1047 3052; x_wconf 86' lang='lat' dir='ltr'>ad</span> <span class='ocrx_word' id='word_1_199' title='bbox 1063 2987 1215 3052; x_wconf 74' lang='lat' dir='ltr'>denarios</span> <span class='ocrx_word' id='word_1_200' title='bbox 1225 3007 1418 3072; x_wconf 82' lang='lat' dir='ltr'>quocunqne</span> <span class='ocrx_word' id='word_1_201' title='bbox 1435 2988 1534 3051; x_wconf 89' lang='lat' dir='ltr'>modo</span> 
     </span>
     <span class='ocr_line' id='line_1_26' title="bbox 404 3081 1617 3182; baseline -0.001 -21"><span class='ocrx_word' id='word_1_202' title='bbox 404 3104 547 3182; x_wconf 88' lang='lat' dir='ltr'>possunt,</span> <span class='ocrx_word' id='word_1_203' title='bbox 570 3102 600 3160; x_wconf 91' lang='lat' dir='ltr'>et</span> <span class='ocrx_word' id='word_1_204' title='bbox 633 3117 693 3178; x_wconf 89' lang='lat' dir='ltr'>per</span> <span class='ocrx_word' id='word_1_205' title='bbox 712 3095 865 3160; x_wconf 81' lang='lat' dir='ltr'>nuucirun</span> <span class='ocrx_word' id='word_1_206' title='bbox 897 3093 1124 3173; x_wconf 79' lang='lat' dir='ltr'>destinandum</span> <span class='ocrx_word' id='word_1_207' title='bbox 1140 3095 1182 3158; x_wconf 83' lang='lat' dir='ltr'>sd</span> <span class='ocrx_word' id='word_1_208' title='bbox 1199 3101 1309 3178; x_wconf 87' lang='lat' dir='ltr'>partes</span> <span class='ocrx_word' id='word_1_209' title='bbox 1325 3093 1480 3178; x_wconf 82' lang='lat' dir='ltr'>Vngsrie,</span> <span class='ocrx_word' id='word_1_210' title='bbox 1499 3104 1535 3160; x_wconf 83' lang='lat' dir='ltr'>et</span> <span class='ocrx_word' id='word_1_211' title='bbox 1615 3081 1617 3092; x_wconf 37' lang='lat'><strong>¹</strong></span> 
     </span>
     <span class='ocr_line' id='line_1_27' title="bbox 403 3202 1533 3287; baseline -0.003 -19"><span class='ocrx_word' id='word_1_212' title='bbox 403 3205 500 3268; x_wconf 82' lang='lat' dir='ltr'>aliter</span> <span class='ocrx_word' id='word_1_213' title='bbox 516 3211 689 3287; x_wconf 85' lang='lat' dir='ltr'>procurent</span> <span class='ocrx_word' id='word_1_214' title='bbox 707 3204 789 3268; x_wconf 88' lang='lat' dir='ltr'>scire</span> <span class='ocrx_word' id='word_1_215' title='bbox 815 3223 900 3268; x_wconf 86' lang='lat' dir='ltr'>nora</span> <span class='ocrx_word' id='word_1_216' title='bbox 926 3202 965 3266; x_wconf 85' lang='lat' dir='ltr'>‹le</span> <span class='ocrx_word' id='word_1_217' title='bbox 998 3202 1138 3268; x_wconf 77' lang='lat' dir='ltr'>adventu</span> <span class='ocrx_word' id='word_1_218' title='bbox 1165 3203 1244 3268; x_wconf 88' lang='lat' dir='ltr'>dicti</span> <span class='ocrx_word' id='word_1_219' title='bbox 1261 3202 1372 3287; x_wconf 71' lang='lat' dir='ltr'>Regis</span> <span class='ocrx_word' id='word_1_220' title='bbox 1396 3210 1429 3268; x_wconf 92' lang='lat' dir='ltr'>et</span> <span class='ocrx_word' id='word_1_221' title='bbox 1445 3225 1483 3268; x_wconf 85' lang='lat' dir='ltr'>ea</span> <span class='ocrx_word' id='word_1_222' title='bbox 1501 3211 1533 3266; x_wconf 90' lang='lat' dir='ltr'>et</span> 
     </span>
     <span class='ocr_line' id='line_1_28' title="bbox 404 3309 1531 3394; baseline 0 -20"><span class='ocrx_word' id='word_1_223' title='bbox 404 3309 479 3390; x_wconf 85' lang='lat' dir='ltr'>alia,</span> <span class='ocrx_word' id='word_1_224' title='bbox 496 3333 557 3392; x_wconf 91' lang='lat' dir='ltr'>que</span> <span class='ocrx_word' id='word_1_225' title='bbox 573 3309 760 3390; x_wconf 86' lang='lat' dir='ltr'>habuerint,</span> <span class='ocrx_word' id='word_1_226' title='bbox 778 3312 845 3376; x_wconf 87' lang='lat' dir='ltr'>sint</span> <span class='ocrx_word' id='word_1_227' title='bbox 860 3311 990 3376; x_wconf 86' lang='lat' dir='ltr'>solliciti</span> <span class='ocrx_word' id='word_1_228' title='bbox 1007 3331 1083 3394; x_wconf 85' lang='lat' dir='ltr'>sepe</span> <span class='ocrx_word' id='word_1_229' title='bbox 1099 3311 1192 3376; x_wconf 90' lang='lat' dir='ltr'>nobis</span> <span class='ocrx_word' id='word_1_230' title='bbox 1209 3311 1379 3392; x_wconf 83' lang='lat' dir='ltr'>intimore3</span> <span class='ocrx_word' id='word_1_231' title='bbox 1395 3317 1427 3376; x_wconf 89' lang='lat' dir='ltr'>et</span> <span class='ocrx_word' id='word_1_232' title='bbox 1442 3311 1531 3394; x_wconf 89' lang='lat' dir='ltr'>quod</span> 
     </span>
     <span class='ocr_line' id='line_1_29' title="bbox 402 3413 1529 3500; baseline -0.002 -19"><span class='ocrx_word' id='word_1_233' title='bbox 402 3415 530 3482; x_wconf 83' lang='lat' dir='ltr'>litteras</span> <span class='ocrx_word' id='word_1_234' title='bbox 546 3416 752 3499; x_wconf 89' lang='lat' dir='ltr'>presentibus</span> <span class='ocrx_word' id='word_1_235' title='bbox 762 3417 910 3500; x_wconf 79' lang='lat' dir='ltr'>alegatas</span> <span class='ocrx_word' id='word_1_236' title='bbox 921 3418 1051 3482; x_wconf 83' lang='lat' dir='ltr'>mittant</span> <span class='ocrx_word' id='word_1_237' title='bbox 1061 3424 1183 3484; x_wconf 88' lang='lat' dir='ltr'>secrete</span> <span class='ocrx_word' id='word_1_238' title='bbox 1200 3413 1352 3482; x_wconf 76' lang='lat' dir='ltr'>incuria</span> <span class='ocrx_word' id='word_1_239' title='bbox 1369 3418 1469 3496; x_wconf 79' lang='lat' dir='ltr'>Regia</span> <span class='ocrx_word' id='word_1_240' title='bbox 1488 3417 1529 3480; x_wconf 83' lang='lat' dir='ltr'>ad</span> 
     </span>
     <span class='ocr_line' id='line_1_30' title="bbox 401 3523 977 3608; baseline 0.007 -21"><span class='ocrx_word' id='word_1_241' title='bbox 401 3543 516 3590; x_wconf 87' lang='lat' dir='ltr'>manus</span> <span class='ocrx_word' id='word_1_242' title='bbox 532 3525 672 3608; x_wconf 90' lang='lat' dir='ltr'>illorum,</span> <span class='ocrx_word' id='word_1_243' title='bbox 688 3523 731 3588; x_wconf 79' lang='lat' dir='ltr'>orl</span> <span class='ocrx_word' id='word_1_244' title='bbox 748 3546 829 3607; x_wconf 87' lang='lat' dir='ltr'>quos</span> <span class='ocrx_word' id='word_1_245' title='bbox 845 3525 977 3591; x_wconf 85' lang='lat' dir='ltr'>vadunt.</span> 
     </span>
    </p>

    <p class='ocr_par' dir='ltr' id='par_1_6' title="bbox 397 3630 1524 4341">
     <span class='ocr_line' id='line_1_31' title="bbox 510 3630 1524 3717; baseline -0.001 -20"><span class='ocrx_word' id='word_1_246' title='bbox 510 3630 671 3716; x_wconf 81' lang='lat' dir='ltr'>Capta:</span> <span class='ocrx_word' id='word_1_247' title='bbox 689 3631 861 3700; x_wconf 75' lang='lat' dir='ltr'>scribatur</span> <span class='ocrx_word' id='word_1_248' title='bbox 876 3636 1008 3717; x_wconf 89' lang='lat' dir='ltr'>iusuper</span> <span class='ocrx_word' id='word_1_249' title='bbox 1025 3631 1220 3716; x_wconf 80' lang='lat' dir='ltr'>quibusdam</span> <span class='ocrx_word' id='word_1_250' title='bbox 1236 3631 1407 3716; x_wconf 89' lang='lat' dir='ltr'>nepotibus</span> <span class='ocrx_word' id='word_1_251' title='bbox 1423 3631 1524 3696; x_wconf 77' lang='lat' dir='ltr'>Fran·</span> 
     </span>
     <span class='ocr_line' id='line_1_32' title="bbox 399 3735 1522 3824; baseline -0.003 -18"><span class='ocrx_word' id='word_1_252' title='bbox 399 3741 475 3806; x_wconf 88' lang='lat' dir='ltr'>oisci</span> <span class='ocrx_word' id='word_1_253' title='bbox 492 3741 531 3804; x_wconf 86' lang='lat' dir='ltr'>de</span> <span class='ocrx_word' id='word_1_254' title='bbox 556 3740 687 3822; x_wconf 88' lang='lat' dir='ltr'>Spinali</span> <span class='ocrx_word' id='word_1_255' title='bbox 712 3749 745 3807; x_wconf 92' lang='lat' dir='ltr'>et</span> <span class='ocrx_word' id='word_1_256' title='bbox 770 3741 843 3806; x_wconf 87' lang='lat' dir='ltr'>aliis</span> <span class='ocrx_word' id='word_1_257' title='bbox 869 3743 989 3808; x_wconf 89' lang='lat' dir='ltr'>nostris</span> <span class='ocrx_word' id='word_1_258' title='bbox 1022 3741 1168 3822; x_wconf 88' lang='lat' dir='ltr'>Venetis,</span> <span class='ocrx_word' id='word_1_259' title='bbox 1199 3741 1254 3824; x_wconf 87' lang='lat' dir='ltr'>qui</span> <span class='ocrx_word' id='word_1_260' title='bbox 1286 3749 1362 3806; x_wconf 90' lang='lat' dir='ltr'>sunt</span> <span class='ocrx_word' id='word_1_261' title='bbox 1378 3735 1522 3805; x_wconf 78' lang='lat' dir='ltr'>incuria</span> 
     </span>
     <span class='ocr_line' id='line_1_33' title="bbox 399 3845 1523 3932; baseline -0.005 -18"><span class='ocrx_word' id='word_1_262' title='bbox 399 3846 501 3930; x_wconf 83' lang='lat' dir='ltr'>Regis</span> <span class='ocrx_word' id='word_1_263' title='bbox 518 3845 673 3931; x_wconf 84' lang='lat' dir='ltr'>Vngarie,</span> <span class='ocrx_word' id='word_1_264' title='bbox 703 3847 792 3931; x_wconf 90' lang='lat' dir='ltr'>quod</span> <span class='ocrx_word' id='word_1_265' title='bbox 821 3849 990 3932; x_wconf 87' lang='lat' dir='ltr'>inquirant</span> <span class='ocrx_word' id='word_1_266' title='bbox 1005 3856 1038 3913; x_wconf 89' lang='lat' dir='ltr'>et</span> <span class='ocrx_word' id='word_1_267' title='bbox 1063 3849 1218 3928; x_wconf 88' lang='lat' dir='ltr'>senciant,</span> <span class='ocrx_word' id='word_1_268' title='bbox 1235 3849 1261 3912; x_wconf 90' lang='lat' dir='ltr'>si</span> <span class='ocrx_word' id='word_1_269' title='bbox 1285 3848 1360 3914; x_wconf 85' lang='lat' dir='ltr'>Rex</span> <span class='ocrx_word' id='word_1_270' title='bbox 1375 3853 1523 3914; x_wconf 77' lang='lat' dir='ltr'>venturus</span> 
     </span>
     <span class='ocr_line' id='line_1_34' title="bbox 399 3953 1521 4040; baseline -0.001 -22"><span class='ocrx_word' id='word_1_271' title='bbox 399 3962 448 4018; x_wconf 85' lang='lat' dir='ltr'>est</span> <span class='ocrx_word' id='word_1_272' title='bbox 463 3953 506 4018; x_wconf 84' lang='lat' dir='ltr'>ad</span> <span class='ocrx_word' id='word_1_273' title='bbox 522 3959 633 4037; x_wconf 88' lang='lat' dir='ltr'>partes</span> <span class='ocrx_word' id='word_1_274' title='bbox 652 3956 843 4036; x_wconf 75' lang='lat' dir='ltr'>maritimos</span> <span class='ocrx_word' id='word_1_275' title='bbox 859 3963 892 4022; x_wconf 85' lang='lat' dir='ltr'>et</span> <span class='ocrx_word' id='word_1_276' title='bbox 907 3977 1030 4038; x_wconf 86' lang='lat' dir='ltr'>causas,</span> <span class='ocrx_word' id='word_1_277' title='bbox 1042 3976 1145 4040; x_wconf 86' lang='lat' dir='ltr'>quare</span> <span class='ocrx_word' id='word_1_278' title='bbox 1155 3961 1188 4020; x_wconf 87' lang='lat' dir='ltr'>et</span> <span class='ocrx_word' id='word_1_279' title='bbox 1203 3955 1246 4020; x_wconf 84' lang='lat' dir='ltr'>ad</span> <span class='ocrx_word' id='word_1_280' title='bbox 1257 3958 1521 4038; x_wconf 87' lang='lat' dir='ltr'>quoruminstan·</span> 
     </span>
     <span class='ocr_line' id='line_1_35' title="bbox 398 4062 1519 4148; baseline 0 -24"><span class='ocrx_word' id='word_1_281' title='bbox 398 4062 478 4126; x_wconf 87' lang='lat' dir='ltr'>tiam</span> <span class='ocrx_word' id='word_1_282' title='bbox 495 4062 592 4142; x_wconf 88' lang='lat' dir='ltr'>veuit,</span> <span class='ocrx_word' id='word_1_283' title='bbox 618 4068 651 4128; x_wconf 85' lang='lat' dir='ltr'>et</span> <span class='ocrx_word' id='word_1_284' title='bbox 666 4063 774 4126; x_wconf 83' lang='lat' dir='ltr'>omnia</span> <span class='ocrx_word' id='word_1_285' title='bbox 792 4062 858 4128; x_wconf 86' lang='lat' dir='ltr'>alia</span> <span class='ocrx_word' id='word_1_286' title='bbox 873 4085 956 4129; x_wconf 90' lang='lat' dir='ltr'>nova</span> <span class='ocrx_word' id='word_1_287' title='bbox 972 4065 1065 4130; x_wconf 88' lang='lat' dir='ltr'>nobis</span> <span class='ocrx_word' id='word_1_288' title='bbox 1082 4063 1219 4130; x_wconf 88' lang='lat' dir='ltr'>sollicite</span> <span class='ocrx_word' id='word_1_289' title='bbox 1244 4086 1304 4148; x_wconf 91' lang='lat' dir='ltr'>per</span> <span class='ocrx_word' id='word_1_290' title='bbox 1331 4085 1436 4129; x_wconf 89' lang='lat' dir='ltr'>eorum</span> <span class='ocrx_word' id='word_1_291' title='bbox 1450 4083 1519 4125; x_wconf 87' lang='lat' dir='ltr'>cur-</span> 
     </span>
     <span class='ocr_line' id='line_1_36' title="bbox 398 4168 1518 4254; baseline -0.002 -22"><span class='ocrx_word' id='word_1_292' title='bbox 398 4188 504 4233; x_wconf 89' lang='lat' dir='ltr'>sorem</span> <span class='ocrx_word' id='word_1_293' title='bbox 520 4168 674 4249; x_wconf 86' lang='lat' dir='ltr'>scribant,</span> <span class='ocrx_word' id='word_1_294' title='bbox 690 4171 741 4233; x_wconf 88' lang='lat' dir='ltr'>cui</span> <span class='ocrx_word' id='word_1_295' title='bbox 760 4171 913 4236; x_wconf 87' lang='lat' dir='ltr'>satisfieri</span> <span class='ocrx_word' id='word_1_296' title='bbox 930 4171 1084 4237; x_wconf 84' lang='lat' dir='ltr'>faciemus</span> <span class='ocrx_word' id='word_1_297' title='bbox 1110 4171 1150 4235; x_wconf 88' lang='lat' dir='ltr'>de</span> <span class='ocrx_word' id='word_1_298' title='bbox 1168 4171 1251 4252; x_wconf 93' lang='lat' dir='ltr'>binc,</span> <span class='ocrx_word' id='word_1_299' title='bbox 1266 4179 1365 4254; x_wconf 89' lang='lat' dir='ltr'>prout</span> <span class='ocrx_word' id='word_1_300' title='bbox 1381 4169 1518 4235; x_wconf 86' lang='lat' dir='ltr'>miserint</span> 
     </span>
     <span class='ocr_line' id='line_1_37' title="bbox 397 4274 575 4341; baseline -0.011 -3"><span class='ocrx_word' id='word_1_301' title='bbox 397 4274 575 4341; x_wconf 63' lang='lat' dir='ltr'>scribendo,</span> 
     </span>
    </p>
   </div>
   <div class='ocr_carea' id='block_1_3' title="bbox 504 4438 1444 4508">
    <p class='ocr_par' dir='ltr' id='par_1_7' title="bbox 504 4438 1444 4508">
     <span class='ocr_line' id='line_1_38' title="bbox 504 4438 1444 4508; baseline 0.009 -24"><span class='ocrx_word' id='word_1_302' title='bbox 504 4438 537 4498; x_wconf 78' lang='grc' dir='ltr'>(Δ</span> <span class='ocrx_word' id='word_1_303' title='bbox 555 4438 664 4489; x_wconf 78' lang='lat' dir='ltr'>»Mistr&#39;«</span> <span class='ocrx_word' id='word_1_304' title='bbox 680 4440 770 4492; x_wconf 80' lang='lat' dir='ltr'>czimtt</span> <span class='ocrx_word' id='word_1_305' title='bbox 786 4443 924 4493; x_wconf 83' lang='lat' dir='ltr'>velenczei</span> <span class='ocrx_word' id='word_1_306' title='bbox 939 4441 1169 4508; x_wconf 76' lang='lat' dir='ltr'>tllsmkbnyvbbl</span> <span class='ocrx_word' id='word_1_307' title='bbox 1181 4441 1256 4494; x_wconf 78' lang='lat' dir='ltr'>XIX.</span> <span class='ocrx_word' id='word_1_308' title='bbox 1271 4441 1329 4493; x_wconf 83' lang='lat' dir='ltr'>kot.</span> <span class='ocrx_word' id='word_1_309' title='bbox 1351 4445 1372 4494; x_wconf 77' lang='grc' dir='ltr'>ῒ.</span> <span class='ocrx_word' id='word_1_310' title='bbox 1387 4443 1444 4500; x_wconf 78' lang='lat' dir='ltr'>lor.)</span> 
     </span>
    </p>
   </div>
   <div class='ocr_carea' id='block_1_4' title="bbox 0 0 1626 5236">
    <p class='ocr_par' dir='ltr' id='par_1_8' title="bbox 0 0 1626 5236">
     <span class='ocr_line' id='line_1_39' title="bbox 0 0 1626 5236; baseline 0 4"><span class='ocrx_word' id='word_1_311' title='bbox 0 0 1626 5236; x_wconf 95' lang='lat' dir='ltr'> </span> 
     </span>
    </p>
   </div>
  </div>
 </body>
</html>
