3170 5234
643 387 737 448 1326.
1185 393 1248 454 245
1354 449 1359 458 ,

115 563 300 647 ymaginem
332 561 429 627 Beati
462 559 594 626 Nicolai
626 563 786 626 munitam
812 561 852 625 de
880 571 1036 647 argento;
1066 565 1250 648 ymaginem

118 669 215 735 Beati
230 671 256 736 J
258 668 397 735 ohannis
411 668 565 752 Baptista
581 669 739 734 munitam
757 668 798 735 de
823 674 977 753 argent03
1003 691 1139 754 yconam
1155 695 1249 740 vnam

119 776 224 841 Beate
242 776 392 861 Virginis
423 777 583 841 munitam
609 775 649 841 de
675 783 832 861 argent0;
858 798 996 860 ysenam
1021 801 1119 844 unam
1135 779 1168 844 in
1185 803 1252 864 qua

118 882 182 948 fuit
198 881 366 963 Trinitas3
395 887 428 949 et
442 905 561 968 ymago
592 885 691 950 Beati
719 884 891 966 Gregorii3
922 886 1120 951 tabularium
1151 909 1247 952 vnum

118 991 242 1074 pictum
276 1011 349 1056 cum
382 991 524 1075 solaquis
553 997 586 1057 et
609 991 731 1057 tabulis
756 993 796 1056 de
827 992 918 1073 ligno
935 995 1127 1060 extimatnm
1143 995 1251 1061 uncias

119 1097 279 1163 tredecim
295 1103 328 1163 et
342 1104 477 1164 tarenos
493 1111 560 1162 tres
584 1119 643 1182 pro
669 1099 770 1164 vneiis
788 1119 844 1163 sex
859 1103 893 1163 et
913 1100 1035 1164 tarenis
1052 1101 1250 1184 quindecim.

121 1203 256 1270 Oertam
272 1206 492 1288 quantitatem
507 1205 638 1289 ysmalti
663 1205 730 1270 albi
757 1208 951 1272 extimatam
981 1214 1115 1273 tarenos
1131 1208 1248 1291 viginti

121 1319 265 1396 quatuor
280 1332 340 1394 pro
357 1313 481 1378 tarenis
512 1312 631 1379 decem.
662 1313 747 1378 Item
779 1313 926 1379 Berardo
947 1314 989 1381 ds
1004 1312 1138 1397 Aquino
1164 1336 1251 1380 nunc

1 1475 2 1486 ,
119 1420 214 1484 militi
248 1439 385 1504 yconam
416 1441 513 1485 vnam
545 1421 649 1486 Beate
680 1416 830 1503 Virginis
860 1440 998 1504 paruam
1029 1423 1190 1487 munitam
1207 1422 1250 1486 de

120 1531 258 1610 argento
276 1526 467 1592 deauratam
484 1548 557 1592 cnm
573 1526 672 1610 perlis
689 1533 722 1593 et
737 1527 902 1610 lapidibus
918 1548 977 1610 pro
994 1529 1096 1594 vnciis
1113 1527 1249 1594 duabus.

1 1609 2 1648 ³
129 1633 282 1700 Yconam
300 1655 395 1700 unam
411 1635 514 1700 Beate
531 1633 679 1718 Virginis
695 1633 729 1698 in
753 1657 817 1700 vna
840 1633 954 1699 tabula
969 1655 1075 1717 parua
1091 1635 1132 1701 de
1147 1635 1255 1718 lign03

1 1815 2 1818 Ἴ
120 1763 259 1825 ysenam
275 1762 370 1807 vnam
385 1741 492 1808 Beate
507 1739 659 1824 Virginis
689 1743 723 1807 in
740 1762 803 1807 vna
818 1741 935 1807 tabula
952 1741 993 1806 de
1008 1741 1098 1827 ligno
1115 1742 1252 1808 extima·

1 1850 2 1932 ᾖ
121 1855 187 1913 tem
203 1850 316 1914 ancias
334 1849 415 1914 duas
433 1870 493 1932 pro
514 1849 608 1914 vncia
633 1869 697 1913 vna
728 1854 762 1913 et
791 1849 915 1914 tarenis
941 1849 1134 1933 quindecim.
1165 1848 1250 1914 Item

1 1991 2 1994 ¹
121 1956 230 2021 Fusco
243 1955 405 2039 speciario
415 1955 609 2021 reubarbari
618 1955 738 2020 libram
749 1976 843 2020 vnam
860 1956 894 2020 in
909 1953 1053 2038 pondere
1064 1956 1252 2021 extimatam

1 2055 2 2134 Ῐ
122 2071 256 2128 tarenos
273 2061 454 2128 octodecim
469 2081 530 2144 pro
547 2061 671 2128 tarenis
687 2060 866 2127 duodecim.
892 2059 1044 2145 Salgeme
1060 2063 1170 2144 pecias
1186 2069 1255 2127 tres

1 2197 2 2226 1
122 2189 184 2253 pro
200 2171 312 2254 granis
339 2170 492 2254 quinque,
516 2168 719 2254 lepislaczuli
753 2189 813 2251 pro
838 2169 961 2234 tarenis
988 2176 1141 2253 quatuor.
1172 2168 1255 2232 Item

1 2357 2 2360 Ἴ
121 2277 262 2344 Nicolao
279 2277 386 2343 Zaula
401 2278 607 2344 bucalectum
634 2298 732 2342 vnum
758 2295 831 2343 cum
856 2277 1027 2361 coperculo
1054 2277 1094 2342 de
1109 2275 1255 2342 cristallo

1 2375 2 2463 J
122 2387 286 2452 munitum
319 2384 358 2449 (le
389 2391 537 2468 argento,
562 2385 755 2452 estimatum
780 2387 891 2451 uncias
923 2391 1064 2469 quatuor
1079 2405 1138 2468 pro
1154 2383 1255 2449 vneiis

1 2521 2 2543 ³
124 2493 254 2560 duabus
271 2498 305 2557 et
320 2493 442 2557 tarenis
457 2492 649 2574 quindecim.
680 2489 811 2558 Aurum
835 2492 927 2556 vnius
944 2491 1044 2575 sigilli
1066 2490 1160 2575 parui
1176 2512 1255 2575 pon-

1 2587 2 2670 l
125 2600 214 2666 deris
230 2604 419 2664 tarenorum
436 2596 548 2664 decem
565 2605 599 2664 et
615 2619 791 2681 granorum
807 2599 1001 2682 quindecim,
1027 2598 1114 2682 quod
1136 2597 1200 2664 fuit
1215 2598 1256 2663 de

125 2707 237 2792 sigillo
254 2711 380 2772 secreto
415 2699 501 2771 dicte
533 2705 673 2788 domine,
704 2726 764 2790 pro
798 2707 923 2771 tarenis
955 2728 1073 2773 nouem
1098 2712 1131 2772 et
1146 2707 1256 2789 granis

124 2816 245 2882 decem.
261 2811 447 2899 Argentum
464 2813 603 2881 duorum
620 2813 809 2896 sigillorum,
825 2814 917 2878 vnius
932 2814 1052 2898 magni,
1069 2819 1103 2880 et
1118 2814 1255 2880 alterius

1 3007 5 3021 μ
125 2924 308 3007 paruique
323 2921 455 2988 fuerumt
472 2922 637 3005 quondam
657 2921 784 2987 domine
808 2919 957 2988 Elisabet
981 2923 1104 2987 sororis
1129 2921 1257 2989 domine

124 3030 253 3114 Regino
268 3029 423 3113 ponderis
447 3029 615 3094 unciarum
632 3034 772 3111 quatuor
797 3035 830 3094 et
845 3033 1035 3094 tarenorum
1062 3028 1256 3112 quatuorde-

125 3140 189 3204 cim
206 3136 249 3202 ad
266 3137 429 3202 rationem
445 3136 486 3202 de
501 3136 627 3202 tarenis
651 3136 756 3203 tribus
783 3142 815 3200 et
839 3136 950 3218 granis
968 3134 1109 3220 quinque
1126 3155 1185 3218 per
1201 3157 1255 3200 vn-

125 3245 219 3326 ciam,
232 3264 293 3328 pro
309 3245 432 3310 tarenis
449 3243 696 3328 quatuordecim
712 3251 744 3308 et
761 3245 872 3327 granis
904 3242 1024 3309 decem.
1039 3245 1092 3310 De
1108 3243 1257 3309 sammito

126 3354 203 3419 albo
221 3373 282 3438 pro
295 3335 409 3418 'tunica
419 3373 483 3418 vna
494 3353 650 3416 extimata
667 3351 791 3416 unciam
803 3373 899 3416 unam
916 3374 976 3435 pro
992 3353 1116 3418 tarenis
1133 3353 1257 3437 viginti.

125 3461 178 3527 De
195 3460 348 3527 sammito
378 3460 454 3526 albo
487 3481 548 3543 pro
579 3458 779 3542 dyalmatica
809 3481 876 3525 una
907 3459 1060 3526 laborata
1080 3461 1121 3526 de
1138 3466 1208 3526 seta
1225 3467 1259 3526 et

2 3657 3 3662 ἵ
126 3589 218 3647 aura,
234 3569 371 3651 incepta
387 3574 421 3633 et
436 3589 501 3634 non
518 3565 689 3651 completa,
700 3567 854 3632 extimata
871 3568 998 3634 unciam
1015 3589 1109 3633 ynam
1127 3573 1161 3632 et
1177 3575 1250 3633 tare

126 3697 185 3742 nos
201 3695 268 3756 sex,
284 3695 345 3760 pro
361 3675 485 3740 tarenis
510 3675 630 3759 viginti
645 3697 707 3740 vno
726 3682 758 3740 et
785 3677 895 3759 granis
914 3676 1034 3741 decem.
1052 3676 1162 3742 Pelles
1180 3697 1258 3757 qua-

2 3803 3 3806 ’
119 3792 200 3849 ¹tuor
232 3783 273 3848 de
303 3781 511 3848 herminettis
543 3784 716 3848 extimatas
748 3787 882 3848 tarenos
914 3783 1027 3848 decem
1052 3803 1112 3866 pro
1130 3783 1256 3847 tarenis

5 3944 9 3953 .
126 3897 261 3976 septem.
277 3889 430 3956 Palmum
446 3912 544 3954 vnum
571 3896 603 3955 et
629 3889 804 3954 demidium
827 3889 868 3954 de
900 3889 1021 3956 velluto
1039 3895 1114 3956 tane
1131 3909 1191 3972 pro
1208 3894 1258 3952 ta·

126 3997 213 4062 renis
229 3997 364 4063 (luobus.
382 3996 533 4062 Plactine
550 3997 591 4062 de
607 4003 747 4080 argento
779 3999 889 4063 vnoias
904 4003 972 4062 tres
989 3997 1023 4063 in
1039 3996 1182 4080 pondere
1198 4018 1258 4080 pro

127 4104 251 4170 tarenis
284 4103 402 4170 decem.
435 4104 488 4170 De
519 4104 574 4170 filo
605 4103 808 4171 Amalfitana
839 4107 874 4169 in
898 4103 1043 4188 pondere
1062 4105 1174 4170 vncias
1191 4111 1260 4170 tres

127 4211 287 4277 extimato
302 4219 434 4278 tarenos
450 4218 517 4278 tres
534 4235 593 4296 pro
609 4219 725 4278 tarano
741 4236 811 4279 vno.
829 4212 954 4278 Bindas
974 4212 1106 4278 strictas
1123 4213 1165 4278 de
1181 4214 1257 4279 bon·

126 4320 198 4386 bioe
215 4341 276 4404 pro
293 4321 453 4406 gorgeriis
469 4321 510 4386 de
527 4323 630 4387 scrico
647 4328 798 4404 quatuor,
814 4320 962 4387 tobaleas
973 4320 1105 4386 duasde
1122 4321 1261 4387 bonbioe

135 4449 196 4512 pro
211 4431 335 4494 tarenis
353 4451 416 4497 sex.
433 4430 602 4496 Modicum
619 4430 659 4496 de
676 4430 815 4497 cendato
832 4438 961 4497 caseata
977 4431 1066 4495 sfuro
1083 4432 1196 4496 stricto
1206 4452 1265 4514 pro

139 4537 249 4618 grams
266 4536 385 4602 decem.
404 4537 552 4604 Cassiam
569 4559 662 4604 ynam
680 4559 816 4621 paruam
834 4539 875 4605 de
888 4539 980 4622 ligno
996 4539 1087 4606 nucis
1104 4561 1177 4605 cum
1195 4560 1267 4604 sera
