3174 5236
583 325 677 386 1292.
1149 325 1188 388 91

83 495 142 562 eius
155 497 298 564 fautores
314 504 349 564 et
365 503 609 578 consentaneos,
625 507 692 563 tam
711 499 742 562 in
758 497 845 562 bona
861 520 959 582 quam
975 500 1009 562 iu
1038 518 1192 580 personas

80 626 189 686 eorum,
204 605 358 687 quamdiu
374 606 437 689 ipsi
456 609 488 668 in
504 603 689 670 huiusmodi
707 623 817 670 errore
833 605 1038 685 durauerint,
1047 605 1096 670 ita
1105 607 1193 691 quod

83 713 191 777 nullum
206 734 331 798 penam,
347 733 388 777 ne
413 713 511 777 etiam
526 710 651 796 Judicij
669 711 787 778 faciem
811 717 988 797 propterea
1003 711 1193 800 formidetis,

80 828 211 887 tenorem
229 820 428 906 presentium
453 821 670 904 impartimur.
698 819 940 887 Concurrentes
966 821 999 886 in
1025 822 1191 906 premissis

79 930 212 1012 precipue
228 949 301 995 cum
316 926 438 994 Inclito
453 926 641 994 Jerusalem
660 933 693 992 et
709 925 821 994 Sicilie
840 927 933 1012 Rege
950 928 1117 995 carissimo
1134 927 1190 993 do·

80 1039 154 1102 nino
170 1038 315 1121 genitore
332 1041 458 1118 nostro,
477 1034 607 1104 Illustm‘
622 1035 811 1120 Regnorum
828 1037 974 1120 ipsorum
989 1035 1119 1122 Regina
1138 1035 1194 1102 do-

79 1146 156 1210 mina
168 1150 200 1210 et
214 1144 381 1228 genetrice
397 1150 512 1209 nostra
528 1144 716 1224 carissima;
732 1145 788 1229 qui
805 1143 899 1210 nobis
916 1165 1012 1229 super
1038 1144 1095 1228 hys
1122 1165 1191 1227 spe·

80 1253 165 1320 ciales
195 1255 329 1319 lieteras
354 1254 580 1318 concesserint.
611 1253 735 1320 Datum
765 1251 908 1337 Neapolj
941 1273 1028 1317 anuo
1059 1251 1192 1320 Domini

80 1359 324 1438 Mucrxcssr
339 1361 392 1426 die
409 1358 513 1426 XXI.
531 1359 659 1445 Aprilis
677 1359 718 1426 V.
735 1359 929 1427 indictionis.

175 1541 209 1602 (A
225 1541 366 1607 »Registri
378 1540 527 1607 Angioini«
546 1544 586 1590 12.
601 1539 741 1591 notettuol
757 1541 907 1602 223.1.ςυ.
922 1543 958 1604 o.)

594 1851 666 1914 109.

98 2009 199 2072 aloia
223 2009 349 2073 sicilici
374 2009 593 2091 kirrilyne'uulc
617 2010 785 2094 ‹tjclrtde'ku
802 2011 855 2093 fio
885 2009 1018 2074 Marlell
1045 2007 1171 2096 Koroly

493 2120 654 2181 szdmdra.
668 2119 761 2181 1292.

175 2291 286 2358 Maria
318 2291 534 2375 Jeruzsalem,
560 2291 680 2372 Sicilie,
705 2291 915 2378 Vngarieque
941 2292 1070 2374 Regina
1095 2292 1197 2358 mittit

83 2422 166 2466 enam
181 2399 295 2466 sellam
312 2399 352 2465 do
367 2422 453 2465 nouo
478 2399 550 2465 fieri
566 2400 687 2466 factum
713 2400 924 2467 Serenissimo
952 2401 1096 2484 Principi
1112 2399 1197 2484 Regi

83 2507 215 2591 Vngurie
230 2530 292 2591 pro
310 2507 459 2591 equitatu
475 2508 578 2592 ipsius
594 2507 696 2592 Regis
712 2531 784 2574 cum
801 2508 980 2593 palafredo.
1007 2508 1073 2575 XI.
1097 2507 1123 2574 J
1125 2507 1192 2591 unij

0 2584 9 2715 t
81 2611 117 2679 v.
130 2613 318 2680 traceam.

173 2759 283 2822 (Arche,
296 2757 388 2810 fascic.
403 2761 446 2810 82.
459 2760 478 2811 f.
495 2764 536 2810 15.
550 2775 583 2811 az
608 2763 682 2813 olam
705 2763 758 2814 kir.
784 2764 896 2814 Grande
921 2761 1116 2813 Archivioban
1137 2760 1193 2812 Ni·

81 2848 208 2913 uolutant

551 3031 590 3040 .—

598 3212 669 3274 110.

85 3365 187 3434 Mdrr'o
202 3369 330 3434 mutat·
339 3369 494 3456 kircilyne'
507 3369 665 3455 Druqetti
680 3371 799 3436 Jonou
815 3371 964 3454 bizortpos
989 3369 1197 3458 mepdizrissal

282 3476 380 3555 tlitlds‘
388 3477 498 3561 fluidae
515 3477 648 3542 Marcell
666 3477 857 3564 Korolyhoc.
877 3479 972 3543 1292.

179 3653 350 3720 Johannes
365 3651 549 3738 Drugettus
566 3653 658 3719 miles
685 3655 828 3722 mittitur·
843 3677 902 3740 per
928 3654 1073 3722 Marium
1098 3653 1197 3738 Regi·
1237 3651 1241 3660 '

0 3780 5 3881 j
86 3777 152 3823 nam
167 3781 238 3826 cum
255 3762 354 3826 certis
384 3761 602 3844 legationibus
633 3763 677 3828 ud
707 3761 872 3829 Karolum
903 3761 1026 3847 Regem
1044 3760 1197 3845 Vngarie.

0 3892 3 3905 ·
84 3857 175 3932 ΧΧΙ.
189 3863 283 3952 Junij
302 3865 343 3936 V.
359 3869 560 3936 indictionis.
1134 3878 1137 3884 '

186 4049 380 4111 (Archelauo.
409 4051 541 4102 62225.
556 4052 597 4102 An
622 4052 698 4102 olasz
718 4053 770 4103 lrir.
793 4052 904 4102 Grande
930 4051 1122 4103 Archividban
1147 4049 1201 4106 ua·
