3174 5236
495 357 725 426 ttae-1300.
1120 353 1181 426 141

586 667 659 728 171.

4 805 6 918 l
70 817 175 889 dadai
190 823 288 888 Pater
313 826 344 888 e's
369 823 484 890 Piletto
500 825 604 908 Pe‘ter,
621 826 674 891 II.
691 824 819 912 Kdroly
850 825 980 890 sicilici
996 825 1180 912 kirtlyaak

4 955 6 1006 t
199 933 418 1018 meybt'zottjai
434 935 734 1022 Mopyarorszdpbo
753 935 928 998 indoleat.
951 937 1044 1000 1299.

4 1053 6 1110 l

4 733 6 778 l

162 1088 329 1175 Scriptum
345 1099 394 1158 est
410 1090 511 1159 Petro
527 1093 567 1159 de
584 1092 683 1160 Suria
710 1099 742 1158 et
769 1091 870 1158 Petro
886 1091 1008 1159 Piletto
1024 1092 1183 1160 militibus

69 1195 278 1264 familiaribus
294 1204 354 1264 etc.

161 1303 258 1388 Quod
273 1327 347 1372 cum
362 1307 457 1390 galea
473 1313 505 1373 et
520 1306 639 1388 barcis,
656 1329 738 1390 quas
755 1305 994 1372 Protbontinus
1011 1305 1183 1392 Monopuli

66 1411 136 1494 ipsis
150 1412 341 1496 assignabit,
358 1436 391 1480 se
407 1414 575 1480 conferant
605 1415 648 1480 ad
663 1421 774 1498 partes
791 1414 949 1498 Vngarie,
965 1420 998 1479 et
1013 1414 1057 1480 ad
1072 1435 1180 1498 prose-

66 1522 215 1586 cutionem
231 1542 353 1604 eorum,
369 1543 431 1605 que
448 1524 618 1588 commissa
634 1531 709 1589 sunt
725 1524 780 1606 eis,
797 1545 869 1587 cum
891 1521 1060 1604 diligentia
1076 1522 1180 1587 inten-

68 1629 146 1694 dant
162 1627 285 1694 Datum
301 1628 444 1713 Neapoli
475 1629 556 1698 VII.
571 1630 766 1697 Decembris
791 1630 875 1696 XII.
892 1629 1089 1695 indictionis.

159 1791 194 1849 (A
210 1791 349 1857 »Registri
360 1791 511 1857 Angioinic
528 1797 569 1842 59.
584 1807 620 1844 sz.
635 1793 705 1857 Reg.
718 1793 817 1843 Karoli
830 1791 865 1846 ΙΙ.
880 1792 938 1844 ket.
953 1792 1064 1842 lotlev.
1078 1808 1086 1856 3
1100 1807 1126 1842 u.
1142 1791 1179 1858 ο.)

535 1967 695 1980 ——ua

590 2149 661 2215 172.

63 2307 100 2376 ΙΙ.
123 2311 248 2399 Kdroly
273 2303 403 2376 sicilici
432 2309 545 2398 kirtly
568 2311 838 2398 mapparorezdpi
853 2311 884 2375 ds
899 2309 1066 2376 szlavoaia
1082 2309 1181 2378 bteee‘t

258 2445 280 2484 a
296 2420 449 2485 velenczei
469 2420 697 2506 kormdnynok
718 2420 975 2505 ajdnlja.1300.

159 2596 326 2682 Scriptum
351 2601 401 2663 est
415 2599 494 2663 viris
518 2596 682 2663 nobilibus
708 2601 741 2662 et
756 2596 907 2663 discretis
922 2595 1019 2684 Unci,
1034 2593 1180 2664 Consilio

63 2709 92 2768 et
112 2703 283 2773 Oommuni
298 2703 460 2775 ¹Ciuitatis
485 2704 707 2788 Venetiarum,
732 2705 862 2773 dilectis
893 2705 1006 2772 amicis
1033 2707 1098 2773 suis
1114 2711 1176 2772 etc.

159 2814 264 2898 Vrget
295 2834 353 2880 nos
382 2814 426 2879 ad
455 2814 560 2880 virum
590 2813 731 2878 nobilem
763 2812 913 2880 Oomiten
940 2810 1120 2896 Georgium
1139 2812 1179 2878 de
1305 2802 1312 2811 ⁴

65 2915 218 3007 Orobatis,
247 2922 522 3006 consanguineum
541 2921 668 3005 Regino
697 2923 857 2988 consortis
882 2927 1000 3006 nostre,
1026 2921 1181 2987 dilectum

65 3026 188 3094 militem
204 3035 237 3094 et
252 3028 448 3095 familiarem
464 3035 620 3111 nostrum,
632 3028 699 3092 eius
712 3029 842 3102 ¹sincera
857 3026 998 3094 fidelitas
1014 3034 1048 3093 et
1064 3027 1181 3093 merite

64 3142 227 3219 fructuosa,
243 3143 278 3202 vt
294 3158 367 3202 eum
382 3135 470 3202 intra
495 3142 605 3202 nostre
625 3135 774 3201 caritatis
793 3133 929 3202 affectus
943 3155 1181 3220 prosequamur

65 3245 216 3310 attentius
241 3245 285 3310 ad
310 3245 436 3328 gratias
463 3251 496 3310 et
520 3244 660 3310 fauores.
685 3241 741 3309 Sic
758 3265 837 3328 ergo
852 3246 933 3310 scire
949 3263 1006 3311 vos
1022 3242 1181 3325 volumus,

65 3350 143 3430 quod
167 3351 236 3435 ipse
261 3351 366 3418 fidelis
391 3359 489 3434 atque
514 3351 675 3416 vassallus
700 3356 812 3416 nostre
838 3353 996 3419 consortis
1027 3351 1184 3446 eiusdem,

1 3481 3 3545 t
65 3459 171 3523 eteius
186 3480 225 3524 ex
241 3459 353 3526 liberis
369 3459 499 3540 nostrie,
516 3460 572 3542 qui
587 3479 647 3542 pro
665 3478 703 3524 ea
736 3459 770 3521 in
786 3457 911 3540 Regem
936 3457 1083 3541 Vngarie
1108 3479 1181 3542 pre·

64 3562 186 3650 feretur,
211 3567 372 3649 ciuitates,
398 3575 517 3650 castra,
534 3567 636 3646 villas,
652 3564 737 3632 bona
753 3557 868 3632 aliast
884 3565 1041 3632 vassallos
1057 3568 1090 3630 in
1106 3587 1182 3649 par·

1 3665 2 3756 J
64 3669 321 3740 tibusSclauonie
331 3682 363 3739 et
373 3673 453 3740 alibi
462 3674 593 3739 indicto
602 3670 868 3757 RegnoVngarie
878 3678 969 3738 tenet
979 3678 1013 3738 et
1023 3672 1180 3757 possidet,

1 3773 2 3828 ἒ
66 3781 227 3862 exquibus
242 3782 336 3848 nobis
352 3788 386 3847 et
401 3780 505 3847 eidem
520 3781 647 3865 Regina
672 3782 874 3847 subnectitur
905 3787 938 3846 et
964 3786 1100 3848 tenetur.
1125 3781 1179 3864 Ip-

69 3905 193 3972 sumque
209 3890 322 3972 itaque
333 3889 494 3956 Comitem
506 3891 622 3955 merito
637 3894 871 3972 prosequentes
887 3895 922 3954 vt
937 3895 1093 3968 nostrum,
1106 3889 1183 3974 jure

1 4079 2 4084 ἵ
67 3995 212 4077 cupimus,
223 4001 427 4078 uttanquam
439 4003 550 4063 noster
561 3998 711 4063 anostris
722 3997 835 4062 amicis
855 4003 888 4061 et
904 3997 988 4062 caris
1004 3996 1063 4061 sub
1074 3994 1185 4061 debita

1 4115 2 4136 i
65 4107 279 4182 prosecutione
290 4111 462 4171 tractetur.
472 4105 604 4171 Idcirco
616 4105 847 4172 sinceritatem
867 4113 900 4171 et
919 4102 1109 4170 Amicitiam
1119 4095 1184 4172 Ve·

1 4282 2 4290 ἵ
66 4213 160 4276 stram
182 4207 389 4279 affectuosius
415 4219 641 4293 exoramus,vt
665 4211 826 4278 Comitem
852 4209 1036 4296 predictum
1054 4218 1089 4276 et
1107 4231 1182 4278 suos

1 4308 2 4311 ’
66 4318 326 4402 contemplatione
336 4322 440 4386 nostri
450 4319 748 4386 recommendatum
763 4319 929 4401 habentes,
946 4320 1105 4400 ciuitates,
1115 4339 1184 4385 cas·

1 4507 2 4514 ἵ
66 4424 120 4504 tra,
137 4425 237 4507 villas,
253 4432 286 4491 et
302 4428 372 4492 eius
387 4428 474 4495 bona
490 4428 697 4511 vassalosque
713 4427 888 4510 predictos,
905 4447 968 4510 que
983 4429 1017 4492 in
1032 4425 1184 4511 partibus

68 4523 228 4599 Sclauonie
237 4533 386 4617 possidet
396 4539 430 4601 et
438 4535 518 4602 alibi
529 4535 719 4618 ubicunque,
731 4554 771 4599 ex
785 4535 885 4600 vestri
900 4534 1025 4601 fauoris
1041 4533 1184 4619 presidio
