3244 5236
614 399 709 462 1340.

627 648 701 710 379.

3 734 34 861 -Ι
89 810 120 872 Α
145 808 299 873 veleuccei
321 808 602 894 kormdoytandce
625 810 810 897 mepenp'e‘dc‘
825 811 962 897 Nelipce
976 812 1224 903 prosualc‚b09y

28 954 32 965 ·
88 921 245 981 szdmctra
275 916 452 1004 jeqyoerelc
475 919 509 980 ts
541 917 672 983 elelmek
708 919 906 984 Velenczetol
940 919 1220 990 lcioittetbeeseoek.

27 1008 33 1117 Ι
607 1026 702 1090 1340.

25 1128 34 1271 f
201 1181 302 1248 Anno
334 1183 468 1250 Domini
492 1180 697 1250 MOOOXL.
723 1183 777 1250 die
801 1182 919 1252 XVII.
934 1183 1038 1253 Junii.
1055 1185 1082 1254 G
1098 1195 1222 1274 epta:

24 1282 33 1397 ᾖ
89 1288 189 1375 Quod
220 1290 417 1358 concedatur
450 1290 571 1358 Oomiti
601 1290 760 1376 Neliptio,
791 1293 881 1376 quod
911 1295 1015 1377 possit
1046 1295 1220 1362 extrahere

23 1406 30 1503 ζ
88 1398 199 1466 facere
230 1400 271 1464 de
302 1399 462 1482 venetiis,
493 1406 527 1465 et
551 1400 730 1467 conducere
746 1401 790 1466 ed
804 1407 916 1486 partes
933 1400 1115 1488 Sclnuonie,
1130 1425 1222 1470 arms

89 1530 110 1573 e
126 1508 284 1574 militibus
301 1507 344 1574 ad
375 1507 519 1574 valorem
550 1509 708 1575 librarum
737 1508 852 1592 viginti
868 1510 1009 1593 quinque
1024 1531 1221 1596 grossorum.

21 1702 28 1763 ἰ
203 1669 239 1732 (Α
254 1671 365 1720 ›Mitti‹
379 1671 469 1722 czimtl
482 1671 624 1723 velenczei
636 1671 861 1735 tllemkbnyvbbl
875 1673 951 1722 XIX.
964 1673 1022 1724 kot.
1033 1677 1075 1723 44.
1089 1674 1154 1736 lev.)

20 1768 30 1799 l¹

578 1853 628 1860 .--
642 1851 737 1860 -———a-

6 2120 23 2172 ΙΙ
616 2069 691 2130 380.

111 2231 143 2296 Α
166 2231 320 2295 celeoozei
343 2227 687 2313 homonycanocsnat
711 2227 867 2292 reoddete
890 2251 929 2292 oz
952 2228 1043 2294 arbel
1064 2229 1196 2318 φόβοι

411 2334 593 2400 dalmatiai
609 2334 797 2420 dolyolcbao.
816 2337 911 2400 1340.

195 2496 310 2564 Nobili
327 2503 360 2561 et
375 2493 518 2580 sapienti
533 2493 603 2558 viro
618 2491 753 2560 Andree
769 2494 935 2580 Michaeli,
951 2493 1074 2562 Oomiti
1090 2495 1185 2563 Arbi.

12 2680 18 2694 ,
194 2603 390 2688 Recepimus
415 2623 519 2686 nuper
546 2601 676 2667 litteras
702 2623 722 2667 a
746 2609 859 2669 nostro
885 2603 1027 2672 Consule
1051 2603 1167 2690 Segne,
1184 2613 1217 2672 et

11 2706 15 2735 ²
84 2711 184 2778 hodie
202 2735 223 2778 e
240 2709 368 2778 Oomite
384 2717 417 2776 et
431 2709 604 2778 Judioibus
620 2707 734 2790 Jsdre,
750 2711 951 2777 continentes
968 2718 1060 2780 certe
1076 2734 1159 2779 nova
1176 2713 1216 2777 de

9 2870 15 2913 :
84 2819 229 2886 adventu
254 2817 376 2884 domini
400 2817 502 2902 Regis
527 2815 713 2899 Hungarie,
742 2838 882 2900 querum
913 2819 1095 2903 exemplum
1126 2821 1216 2886 vobis

9 2976 13 2999 =
84 2926 246 2992 mittimus
270 2926 476 3011 presentibus
500 2924 721 3007 interclusum,
746 2931 783 2990 ut
803 2924 1085 3008 sentiatisomnie‚
1102 2929 1215 3010 quein

8 3026 15 3089 ἶ
83 3036 147 3100 hoo
172 3033 262 3100 facto
288 3034 446 3100 sentimus
472 3038 505 3097 et
530 3032 695 3100 hebemus.
715 3031 763 3097 Et
778 3034 857 3116 quia
872 3053 931 3116 pro
948 3041 1036 3098 stetu
1053 3038 1165 3100 nostro
1181 3039 1214 3098 et

6 3170 12 3181 ·
84 3142 334 3210 conservatione
373 3145 559 3206 nostrarum
590 3145 752 3206 terrarum
784 3138 953 3206 Sclaronie
983 3138 1063 3206 fucit
1093 3140 1214 3205 hebere

83 3271 172 3315 noro
196 3250 287 3316 clera
311 3255 344 3314 et
370 3253 462 3314 certa
487 3250 527 3314 de
543 3248 685 3315 adventu
701 3247 824 3314 domini
840 3247 943 3332 Regis
960 3247 1088 3330 prefati,
1104 3248 1216 3314 scribi-

83 3380 160 3426 mus
184 3359 286 3438 vobis,
311 3361 345 3422 et
369 3376 428 3439 per
446 3377 506 3422 nos
525 3361 558 3421 et
572 3361 686 3422 nostre
702 3352 856 3436 Consilia,
873 3355 995 3436 Minus,
1011 3354 1216 3439 Rogatorum

83 3473 121 3533 et
146 3465 212 3532 XL
237 3463 446 3549 precipiendo
472 3463 673 3545 mandemus,
698 3468 862 3547 quotenus
887 3463 1069 3545 procuretis
1094 3468 1128 3528 et
1144 3463 1215 3528 sitis

81 3573 219 3641 solliciti
244 3595 329 3639 nunc
353 3578 387 3638 et
411 3571 563 3638 continue
582 3570 663 3638 scire
679 3577 714 3637 et
729 3571 923 3655 investigare
938 3571 1042 3637 modis
1059 3569 1216 3638 omnibus.

81 3681 207 3768 quibus
238 3680 385 3766 potestis,
417 3684 450 3745 et
481 3700 502 3743 a
533 3698 723 3762 quocunque
755 3677 845 3743 vobis
864 3678 1030 3744 videretur
1046 3726 1054 3757 ,
1070 3676 1110 3742 de
1127 3676 1214 3743 dioto

81 3790 229 3856 adventu
253 3787 356 3872 Regis
380 3787 493 3870 ipsius,
519 3787 547 3852 si
573 3787 615 3853 sit
639 3791 804 3868 venturus,
830 3791 863 3852 et
882 3807 955 3850 cum
970 3791 1095 3868 quante
1109 3789 1214 3868 gente.

1 3914 2 3919 ’
81 3896 160 3982 Qus
176 3897 287 3962 omniu
303 3895 386 3960 scita
401 3895 641 3977 etinvestigsts
666 3892 759 3960 nobis
774 3893 891 3958 vestris
908 3892 1028 3956 litteris
1046 3890 1214 3957 declarare

1 4083 2 4086 Ἴ
81 4007 220 4084 curetis,
244 4009 282 4070 ut
307 4004 341 4069 in
367 4003 526 4084 omnibus,
552 4003 637 4068 sicut
662 4000 821 4082 convenit,
846 3999 1066 4084 provisionem
1092 3997 1214 4064 hebere

78 4114 256 4203 possimus.
272 4113 397 4178 Datum
421 4114 455 4177 in
479 4117 594 4178 nostro
610 4111 731 4178 Ducsli
756 4109 883 4193 pelusio
899 4108 953 4173 die
977 4104 1095 4173 XVH.
1122 4105 1207 4172 Julii

83 4222 187 4292 VIII.
203 4221 402 4288 indictionis.

196 4383 336 4447 (Eredetie
348 4383 533 4448 borhtrtytn,
546 4398 563 4434 a
575 4380 714 4434 velenozei
726 4395 799 4445 nsgy
811 4373 1009 4444 levelrorban.)

605 4597 732 4608 --.----

129 4701 235 4744 nom.
251 4703 333 4740 BUllss·
351 4703 418 4738 ΗΙΒΤ.
438 4711 481 4722 -··
498 4699 565 4737 ACTA
582 4701 642 4736 ΕΠ.
658 4702 676 4736 1.
