3170 5234
385 449 450 518 124
731 466 965 519 brenounczrar
991 457 1158 519 anabusn.

383 655 471 698 anuo
487 629 657 696 Dominioe
673 628 917 698 Incamationis
934 628 1164 699 MOOOXXI.
1179 630 1359 700 indictione
1378 627 1435 701 IV.
1456 631 1501 699 die

384 739 450 806 XI.
481 739 573 806 Maii.
1336 729 1339 746 ¹

489 899 527 964 (A
542 903 644 966 »Gopie
657 903 690 953 de
704 903 943 954 Commemorieli«
957 904 1047 958 czimt
1062 905 1202 955 velencaei
1226 905 1451 969 dllemkbnyvbol
1467 905 1500 957 IL
1571 951 1572 954 ,

382 975 444 1024 ket.
455 979 515 1024 294.
530 976 593 1038 lev,
605 989 623 1025 a
635 975 709 1026 becci
724 990 759 1025 ce.
775 976 862 1025 titkoe
875 974 1073 1039 levdlttrban.)

865 1149 1024 1161 *1-

916 1372 990 1434 280.

379 1533 410 1596 Α
426 1531 579 1597 uelenczei
595 1530 823 1618 kcrmdoyuak
839 1532 996 1598 reodelete
1011 1555 1205 1619 upyanazoa
1226 1534 1394 1620 tdrpybon.
1412 1535 1498 1597 1321.

485 1707 654 1776 Johannes
679 1707 882 1792 Superancio
899 1717 958 1776 etc.
980 1710 1140 1776 uniuersis
1166 1716 1199 1776 et
1224 1710 1362 1795 singulis
1387 1711 1425 1776 de
1444 1729 1496 1774 suo

379 1816 538 1883 mandato
554 1815 745 1898 comitibus,
769 1815 1008 1902 Potestetibus,
1032 1817 1225 1901 capitaneis
1251 1823 1284 1883 et
1307 1816 1498 1883 Rectoribus

364 1923 633 2010 ·quibuscumque
662 1931 829 2009 presentes
859 1926 989 1992 litteras
1031 1927 1227 2012 inspecturis
1259 1925 1407 1992 fidelibus
1437 1925 1498 1990 suis

377 2033 506 2100 dilectis
522 2035 662 2100 salutem
678 2041 712 2100 et
727 2035 852 2100 sincere
869 2032 1051 2100 dilectionis
1068 2033 1229 2102 affectum.
1246 2033 1355 2119 Quum
1373 2035 1497 2118 dignum

377 2141 497 2222 existit,
513 2147 549 2208 ut
565 2161 647 2224 quos
662 2140 757 2208 nobis
782 2147 935 2209 constans
961 2142 1040 2210 fides
1066 2151 1099 2208 et
1131 2144 1260 2209 devotio
1277 2143 1387 2208 reddit
1402 2161 1496 2220 caros,

374 2249 522 2333 benignis
537 2270 597 2315 nos
612 2250 779 2333 nostrique
795 2248 905 2316 fideles
931 2250 1049 2335 ubique
1065 2251 1229 2316 favoribus
1245 2269 1496 2334 prosequamur;

375 2357 580 2423 nobilitatem
596 2362 629 2422 et
644 2357 854 2440 prudentiam
870 2364 1010 2425 vestram
1035 2380 1199 2444 rogamus,
1224 2357 1379 2423 fidelitati
1396 2363 1494 2422 vestre

375 2465 586 2551 precipiendo
601 2465 802 2547 mandantes,
818 2471 978 2549 quatenus
994 2469 1099 2533 virum
1116 2468 1258 2534 nobilem
1275 2473 1309 2530 et
1326 2467 1496 2549 sapientem

375 2571 608 2639 Radisclavum
618 2572 779 2639 Lubencii
805 2574 845 2639 de
872 2573 1052 2657 Scardona,
1083 2574 1311 2642 honorabilem
1342 2574 1440 2639 civem
1466 2580 1495 2638 et

375 2682 504 2748 fidelem
521 2687 666 2748 nostrum
683 2680 848 2766 dilectum,
863 2685 920 2767 qui
947 2683 1181 2767 multiplicibus
1198 2703 1254 2748 sue
1279 2681 1357 2748 fidei
1372 2683 1493 2766 exigen-

373 2789 459 2856 tibus
475 2792 601 2858 meritis
616 2799 763 2858 nostram
779 2813 876 2876 quam
904 2792 1023 2859 meruit
1048 2795 1192 2876 graciam
1217 2799 1249 2858 et
1274 2791 1427 2870 favorem,
1441 2791 1493 2856 ha·

372 2899 451 2964 bere
467 2899 614 2967 debeatis
629 2922 701 2965 cum
719 2900 786 2965 suis
810 2900 923 2966 liberis
953 2901 1103 2966 omnibus
1119 2901 1238 2984 ubique
1262 2905 1295 2964 et
1311 2901 1398 2964 omni
1422 2905 1494 2963 tem·

372 3026 450 3090 pore
467 3009 654 3094 specialiter
670 3016 703 3074 et
716 3007 944 3076 fauorabiliter
964 3008 1420 3093 commendatum,prestando
1435 3005 1492 3071 sibi

371 3115 461 3183 licite
477 3117 646 3184 consilium
672 3123 705 3182 et
729 3117 883 3202 favorem,
907 3125 944 3185 rt
968 3125 1080 3186 vestra
1103 3119 1207 3203 possit
1222 3115 1366 3183 fidelitas
1381 3115 1492 3196 merito

371 3226 604 3308 commendari,
617 3226 752 3309 ipseque
768 3232 881 3292 nostre
905 3226 1195 3292 commendationis
1210 3223 1354 3290 fructum
1370 3244 1492 3308 presen-

369 3329 464 3415 tiens,
479 3334 514 3397 in
529 3330 594 3397 fide
611 3339 643 3397 et
661 3329 835 3400 deuotione
851 3339 966 3401 nostra
991 3334 1110 3401 fortius
1136 3333 1317 3399 roboretur.
1342 3332 1431 3397 Data
1446 3331 1492 3394 die

374 3436 452 3523 (IV.
469 3437 662 3505 Decembris
676 3437 930 3528 MOCOXXI.)

477 3601 514 3663 (A
528 3601 631 3667 »Copia
643 3603 677 3654 de
690 3601 931 3654 Commemoriclir
943 3605 1033 3655 czimtt
1061 3604 1198 3654 velenczei
1222 3601 1446 3664 alnmkonyrbol
1457 3599 1490 3648 11.

369 3688 428 3740 lot.
443 3693 503 3743 302.
522 3693 583 3754 lev,
596 3706 613 3741 a
625 3691 700 3742 btcsi
713 3707 748 3742 cs.
763 3694 851 3744 titlros
863 3693 1058 3756 leveltirban.)

854 3869 1013 3882 ——n—-ffl

900 4103 973 4173 sal.

370 4269 492 4344 botre
504 4269 632 4363 Koroly
646 4291 789 4360 mapyar
804 4265 987 4356 kirdlynok
1012 4263 1104 4334 lecele
1118 4268 1261 4336 Serenae
1277 4265 1384 4337 Jonoe
1400 4266 1489 4337 ucles·

476 4369 538 4431 ezei
553 4367 684 4453 dopebez
700 4385 722 4428 a
739 4362 946 4428 dalmacziai
970 4360 1106 4425 udroeok
1130 4360 1278 4447 tipytbea.
1297 4363 1394 4426 1322.

476 4521 661 4591 Excellenti
676 4527 711 4590 et
734 4519 914 4607 Magnifico
941 4514 1093 4604 Principi
1117 4519 1249 4585 domino
1274 4519 1422 4587 Johanni
1437 4517 1489 4586 Su·

368 4634 520 4724 peractio
536 4632 601 4699 Dei
617 4634 728 4718 gratia
738 4626 953 4702 Venetiarum
963 4628 1057 4715 Duci,
1067 4625 1212 4694 Domino
1223 4625 1372 4714 Quartae
1386 4627 1489 4694 Partis
