3170 5234
469 290 472 296 ·
551 253 646 316 1300.

569 560 642 622 193.

198 720 312 784 Rodert
330 719 457 806 Keiroly
473 719 668 806 Apulidduo
683 720 1004 785 tortozlrodilc.1300.

148 1003 209 1069 Die
237 1002 357 1070 XVII.
386 1004 531 1070 eiusdem
560 1004 693 1090 (mensis
717 1005 802 1071 Julii
827 1004 932 1069 XIII.
967 1002 1167 1086 indictionis)

2 1168 3 1192 ἶ
58 1109 162 1174 ibidem
185 1107 358 1193 (Neapoli)
385 1110 516 1177 liberati
545 1119 620 1176 sunt
646 1109 798 1196 Outagno
824 1113 948 1176 cursori
973 1112 1070 1196 misso
1096 1135 1168 1178 cum

59 1217 119 1300 alijs
142 1217 265 1283 licteris
281 1216 397 1300 Regijs
422 1218 464 1283 ed
491 1226 601 1301 partes
617 1217 739 1303 Apulis
765 1221 808 1285 ad
825 1221 990 1286 dominum
1006 1218 1168 1284 Karalum

7 1333 10 1340 ’
59 1322 90 1386 de
111 1322 267 1407 Vnguis,
295 1329 329 1388 et
357 1323 519 1390 Comitem
546 1323 723 1410 Georgium
749 1327 789 1394 de
807 1325 989 1406 Sclauonia,
1017 1346 1076 1409 pro
1104 1349 1169 1392 ser·

59 1430 138 1514 uitijs
164 1429 280 1516 Regijs
308 1452 368 1513 pro
397 1434 545 1499 mercede
572 1455 631 1499 sua
655 1442 688 1501 et
711 1435 813 1522 ipsius
837 1434 943 1518 viagio
959 1433 993 1498 in
1008 1435 1169 1500 carolenis

57 1539 172 1620 argenti
187 1537 297 1603 tareni
313 1537 397 1604 XII.

149 1699 185 1758 (A
199 1703 269 1767 ὣς.
285 1701 434 1767 Angioini«
449 1704 483 1753 X.
499 1709 558 1757 230.
582 1706 654 1773 Reg.
682 1707 779 1756 Keroli
802 1703 922 1754 Illustris
937 1707 991 1757 atb.
1015 1704 1168 1757 kdtettbeu

62 1792 95 1837 ll.
106 1790 179 1856 lavel,
192 1806 218 1840 u.
232 1795 270 1858 o.)

527 1975 684 1986 ...ι-*ιη

576 2213 648 2274 194.

208 2372 325 2436 Rodert
342 2371 539 2456 Kdrolpnak
556 2372 689 2436 kisdrete
705 2373 897 2436 Barola'bao.
914 2373 1011 2438 1300.

155 2655 280 2720 Eodem
296 2655 349 2720 die
364 2656 484 2721 ibidem
501 2654 654 2742 (XXIV.
669 2655 694 2720 J
695 2657 752 2740 ulij
765 2656 871 2722 XIII.
888 2656 1073 2722 indictionis
1085 2654 1173 2720 Nea-

66 2758 135 2843 poli)
149 2761 278 2827 liberati
297 2768 372 2828 sunt
382 2763 512 2829 Britoni
529 2765 655 2828 cursori
670 2765 768 2828 misso
785 2786 858 2828 cum
875 2763 1035 2846 expressis
1050 2762 1174 2828 licteris

64 2863 166 2948 Regiis
182 2869 340 2935 Barolum
355 2869 398 2934 ad
415 2868 580 2934 dominum
592 2868 804 2936 Guillelmum
820 2869 860 2933 de
871 2870 1030 2935 Pontiaco
1051 2869 1174 2951 Magne

65 2970 155 3058 Regia
180 2975 279 3042 Gurie
305 2975 500 3059 Magistrum
516 2978 734 3059 Rationalem,
759 2976 920 3044 Comitem
936 2977 1117 3062 Georgium
1134 2976 1174 3042 de

64 3077 233 3164 Solemnis,
258 3084 422 3149 dominum
448 3085 622 3154 Nicolaum
648 3086 687 3150 de
713 3086 870 3168 Luperca,
896 3087 1062 3152 dominum
1077 3085 1175 3151 Nico·

64 3185 139 3254 laum
164 3190 388 3272 Oaraczulum
414 3197 447 3258 et
472 3193 638 3257 <lominum
655 3194 792 3258 Petrum
809 3193 911 3258 Parui
927 3193 1049 3259 Passus
1074 3192 1114 3260 dc
1131 3190 1146 3256 f
1165 3230 1176 3242 ·

64 3295 144 3362 milia
167 3299 288 3364 domini
305 3299 422 3364 Karoli
448 3300 488 3364 de
503 3299 655 3384 Vagaria
679 3321 738 3383 pro
759 3301 918 3384 expressis
934 3300 1076 3384 negotijs
1093 3302 1176 3365 eius-

64 3402 127 3468 dem
141 3406 262 3471 domini
277 3429 337 3491 pro
357 3408 504 3473 mercede
515 3429 573 3473 sua
590 3407 733 3473 eiusdem
743 3409 850 3492 magii,
867 3431 965 3491 quum
976 3430 1048 3472 cum
1057 3430 1177 3491 magna

63 3510 238 3579 festinantia
261 3514 366 3579 iturus
392 3522 441 3581 est
466 3515 509 3580 ad
535 3515 656 3580 dictem
672 3521 795 3580 terram
810 3515 934 3595 Brutuli,
959 3522 992 3580 et
1009 3516 1176 3598 assignare

65 3619 172 3687 eisdem
188 3623 336 3706 personis
361 3622 527 3706 predictas
543 3624 676 3688 lieteras
693 3623 824 3707 Regias,
849 3630 882 3688 et
899 3625 939 3689 dc
955 3623 1176 3706 assignatione

64 3725 198 3809 ipsarum
214 3731 403 3795 lieterarum
419 3735 598 3814 apportare
615 3730 747 3795 licteras
758 3731 961 3814 responsales
970 3731 1004 3794 in
1016 3730 1177 3796 carolenis

65 3837 181 3917 argenti
198 3887 205 3902 .
222 3888 230 3902 .
247 3886 254 3903 .
269 3838 374 3903 tareni
391 3838 501 3902 decem
518 3844 551 3936 et
567 3843 650 3919 octo,
665 3837 771 3902 tareni
787 3836 925 3905 XVIII.

162 4015 515 4080 (A»ltegist1·in11pioini«
535 4017 569 4068 X.
594 4022 653 4067 230.
677 4033 714 4067 sz.
736 4018 804 4082 Reg.
827 4015 1177 4080 Karolissluatrisstb.10.

64 4101 127 4170 lev.;
152 4119 176 4154 u.
192 4109 229 4168 ο.)
