3170 5234
579 327 673 386 1319.
1129 326 1192 387 215

6 543 8 580 t
83 523 132 584 pro
154 521 262 566 marea
288 509 321 568 et
346 502 461 582 media,
487 504 631 586 quinque
656 523 717 585 pro
745 498 933 567 centenario
959 500 1016 568 det
1042 508 1075 568 ct
1091 501 1198 568 soluat

6 633 8 650 r
83 609 164 674 dietis
180 613 299 676 nostris
316 609 484 692 fidelibus;
500 611 659 694 predictis
675 608 974 676 modificationibus
985 611 1096 678 adata
1109 612 1197 678 litte·

81 738 176 782 rarum
191 717 366 801 Regalium
392 718 615 802 predictarum
630 719 826 800 patencium,
853 715 959 782 silicet
975 739 995 782 a
1011 719 1114 784 tercio
1131 721 1196 786 cal·

81 823 180 889 lendes
195 825 389 908 septembris
406 847 508 910 usque
525 826 567 890 ad
584 825 751 891 docenium
767 824 943 890 duraturis.
992 822 1067 889 Hoc
1082 830 1193 892 tameu

81 939 209 1014 excepto,
235 932 323 1015 quod
351 933 378 996 si
393 932 479 998 infra
496 933 619 997 dietum
635 935 793 1016 temporis
811 933 956 1017 spacium
973 953 1032 1014 pro
1049 932 1128 1017 ipsis
1145 955 1195 1000 re-

5 1061 7 1130 p
80 1039 214 1122 prosaliis
239 1038 327 1103 foret
352 1039 558 1104 satisfactum
575 1039 719 1122 perfecte
737 1047 769 1104 et
785 1041 828 1104 ad
844 1039 974 1123 plenum
990 1040 1193 1122 contingerit,

5 1165 7 1242 ξ
79 1147 199 1212 abinde
215 1148 248 1210 in
259 1153 356 1212 antea
367 1147 447 1212 dicti
458 1153 654 1212 mercatores
665 1146 777 1212 fideles
788 1146 885 1230 Regii
896 1167 916 1212 a
926 1145 1087 1214 solvendis
1097 1145 1194 1213 dictis

5 1275 7 1322 l
78 1277 133 1320 uua
147 1261 178 1320 et
193 1254 330 1321 dimidia
346 1278 406 1338 pro
423 1257 611 1320 centenario
628 1256 820 1335 eximantur,
845 1262 879 1319 et
894 1255 928 1319 in
946 1259 1068 1318 statum
1084 1254 1194 1338 pristi-

5 1383 7 1402 n
78 1383 144 1426 nuru
166 1360 372 1428 reducantur.
406 1361 442 1427 Si
467 1383 542 1428 vero
569 1363 654 1427 infra
680 1363 801 1428 dictum
827 1360 997 1427 docenium
1013 1383 1079 1428 non
1094 1360 1192 1427 fuerit

78 1469 164 1550 plena
179 1469 360 1535 satisfactio
377 1492 437 1553 pro
453 1471 534 1553 ipsis
550 1471 736 1557 represaliis
752 1471 931 1554 impertita,
956 1469 1058 1535 nostri
1082 1467 1193 1534 fideles

78 1577 207 1658 predicti
221 1577 381 1642 habentes
398 1577 594 1660 represalias
611 1579 644 1642 in
660 1575 790 1643 residuo
808 1579 854 1642 eis
865 1575 1034 1642 deficiente
1045 1576 1087 1641 ad
1098 1579 1193 1642 satis·

77 1683 237 1751 factionem
262 1685 440 1768 perfectam
466 1686 499 1750 in
516 1708 646 1752 suarum
663 1687 879 1770 represalium
894 1684 1049 1782 firmitate
1065 1707 1193 1770 perma-

4 1871 6 1896 .
76 1799 167 1857 neant
181 1815 244 1857 non
261 1792 470 1858 obstantibus
487 1793 695 1876 supradictis.
712 1795 803 1860 Data
818 1795 853 1860 in
869 1801 982 1860 nostro
997 1792 1119 1858 Ducali
1135 1813 1192 1876 pa-

4 1901 6 1988 ξ
75 1901 151 1966 lucio
181 1923 265 1966 auno
292 1900 464 1966 Dominice
490 1901 736 1969 Incarnaeionis
766 1902 938 1968 millesimo
969 1900 1193 1968 trecentesimo

77 2008 191 2074 decimo
216 2029 311 2090 nono,
336 2007 513 2074 indictione
540 2009 689 2090 secunda,
716 2008 767 2074 die
783 2007 938 2092 vigesimo
955 2011 1047 2072 sexto
1062 2005 1194 2072 Marcii.

173 2189 207 2251 <A
232 2190 334 2254 »Copia
348 2191 380 2241 de
396 2189 635 2240 Commemorialit
661 2191 801 2240 veleuezei
815 2189 1041 2251 sillumkbnyvbdl
1056 2185 1091 2238 lI.
1105 2186 1192 2240 kdtet.

3 2275 4 2278 ’
77 2283 128 2326 157.
141 2279 198 2341 lev,
214 2293 239 2330 u.
253 2283 290 2342 0,)

672 2457 707 2466 -α-

593 2727 665 2788 274.

74 2889 206 2954 Soronzo
222 2890 330 2956 Jc‘uos
354 2887 506 2952 oeleuezec'
534 2888 674 2972 dopeuek
700 2911 769 2952 ezec
795 2887 953 2973 to'rgyboo
968 2887 1060 2952 lecolo
1076 2887 1194 2953 Robcrt

331 2997 459 3083 Ka'roly
474 3018 613 3082 propper·
629 2995 809 3082 birdlyboz.
830 2997 923 3061 1319.

166 3176 306 3243 Domino
323 3175 408 3259 Regi
425 3173 583 3259 Vngarie.

2 3365 3 3372 ἵ
170 3284 366 3351 Serenitatis
377 3283 482 3366 Regie
499 3283 626 3348 litteras
638 3282 770 3362 honore,
787 3303 851 3365 quo
862 3281 981 3362 decuit,
997 3279 1192 3365 recepimus,

2 3389 3 3406 ,
71 3399 102 3456 et
116 3393 262 3458 nuncium
276 3395 418 3456 vestrum
428 3389 629 3472 Magistrum
643 3387 668 3452 J
669 3389 831 3454 ohannem
848 3389 888 3454 de
899 3387 997 3454 Buda
1008 3386 1191 3453 audiuimus

73 3499 252 3584 diligenter;
276 3499 319 3564 ad
336 3521 374 3564 ea
390 3499 482 3578 enim,
500 3519 561 3580 que
577 3497 739 3563 Maiestas
756 3496 862 3580 Regia
878 3496 965 3561 inter
983 3497 1048 3561 alia
1066 3495 1191 3574 scribit,

72 3631 121 3675 sue
143 3613 260 3676 mentis
286 3607 437 3674 affectum
463 3607 550 3673 eirca
575 3607 634 3671 hee
657 3607 781 3671 versari
798 3607 975 3690 potissime,
1003 3605 1090 3688 quod
1105 3604 1191 3668 inter

73 3725 190 3799 gentem
201 3717 308 3800 Regni
321 3714 420 3781 vestri
436 3719 468 3779 et
484 3719 630 3778 nostram
641 3720 755 3778 mutua
766 3713 977 3778 conuersacio
990 3717 1021 3774 et
1033 3709 1191 3775 securitas

72 3825 187 3892 itineris
212 3824 365 3908 utrinque
391 3828 504 3906 pateat
530 3821 615 3887 omni
634 3820 764 3888 sublata
781 3819 988 3886 dissensionis
1005 3824 1038 3883 et
1053 3823 1191 3883 arresta-

74 3933 165 3997 cicnis
181 3933 328 4010 materia,
354 3930 563 3996 rescribimus
580 3929 804 4014 presentibus:
829 3926 927 4011 Quod
944 3925 1191 4010 disposicionem

73 4042 201 4108 eiusdem
218 4041 326 4124 Regio
336 4039 524 4106 Maiestatis
541 4060 620 4122 erga
636 4059 694 4103 nos
711 4043 744 4102 et
760 4043 889 4120 gentem
907 4041 1051 4101 nostram
1069 4032 1189 4099 amoris

72 4147 273 4214 iudicatiuam
300 4167 364 4212 non
391 4145 553 4212 modicum
573 4151 701 4228 gratum
720 4152 752 4210 et
768 4142 1002 4228 acceptabilem
1017 4139 1191 4207 habuimus

72 4255 236 4337 plurimum
253 4261 287 4322 et
302 4255 471 4340 habemus,
487 4261 519 4319 et
536 4253 644 4319 affecti
661 4273 780 4336 magna
797 4251 1014 4336 disposicione
1030 4247 1191 4314 consimili

72 4369 132 4429 tam
147 4387 184 4430 ex
201 4366 335 4447 antique
351 4363 536 4429 dilectionis
552 4361 679 4428 vinculo
695 4362 779 4427 inter
789 4361 942 4445 Regnum
958 4356 1106 4443 Vngarie
1117 4356 1192 4424 hae-

73 4477 157 4540 tenus
182 4481 214 4540 et
230 4495 287 4538 ros
304 4494 343 4537 ex
359 4494 425 4538 uua
441 4481 546 4557 parte,
571 4481 603 4538 et
619 4471 866 4557 predecessores
883 4473 1013 4535 nostros
1030 4465 1139 4532 Duces
1157 4468 1190 4528 et
