3222 5240
566 307 572 312 ’
590 339 685 410 1335.
1136 345 1195 406 3:37

73 531 144 587 tunc
160 525 194 587 in
208 524 353 589 Ciuitate
369 523 527 607 predicta,
544 545 583 590 ao
601 524 850 590 macellatorum
867 531 900 588 et
912 522 1125 590 liberatorum
1137 544 1198 606 pro

3 629 4 632 ’
73 651 124 695 vsu
149 631 286 716 hospitij
313 630 393 695 dioti
418 632 540 697 domini
563 632 665 716 Regis
682 632 828 714 Vagarie
845 634 1017 716 gentisque
1034 632 1199 715 predicte;

73 737 221 804 ridelioet
236 759 407 805 vaccarum
434 741 582 824 triginta,
607 761 780 824 porcorum
796 742 1103 824 quatringentorum
1120 761 1199 823 qua-

72 846 225 929 draginta
243 852 376 929 septem,
393 853 611 912 castratorum
619 853 844 914 trecentorum
854 848 1035 930 nonaginta
1046 849 1147 926 unius,
1165 853 1197 910 et

71 955 243 1021 titulorum
253 956 352 1020 trium
362 953 458 1040 (lgy);
475 975 593 1038 vosque
604 955 770 1038 predictos
781 954 864 1020 alios
873 953 1065 1037 Philippum
1075 955 1200 1020 Mottu-

70 1062 135 1132 lnm
164 1069 196 1129 et
222 1065 325 1129 sooios
341 1062 490 1128 habuisse
506 1062 608 1146 pelles
625 1070 658 1127 et
674 1063 764 1128 coria
780 1063 1001 1145 predictarum
1019 1085 1199 1146 raucarum,

72 1178 290 1238 castratorum
306 1179 339 1236 et
354 1170 529 1237 vitulorum
546 1192 604 1254 pro
621 1172 722 1254 ipsius
732 1177 827 1254 parte
837 1168 936 1237 Curis
947 1171 1198 1236 conseruandas.

73 1278 217 1362 Cumque
230 1279 468 1364 prouiderimus
478 1279 616 1360 nouiter,
626 1285 660 1343 et
669 1279 810 1360 velimus,
821 1279 907 1364 quod
918 1279 1029 1344 ‹ludex
1039 1279 1199 1345 Herrious

72 1389 110 1453 de
126 1387 274 1454 Corneto
291 1389 454 1472 Magister
478 1388 711 1454 mnssariarum
729 1387 829 1454 Curio
855 1389 897 1455 ad
913 1389 1094 1472 predictam
1112 1388 1199 1454 Ciui-

71 1503 172 1562 tatem
182 1496 326 1580 accedat,
338 1497 379 1562 ad
391 1495 586 1562 audiendum
597 1503 784 1579 computum
799 1496 929 1561 finalem
945 1505 979 1562 et
996 1497 1141 1562 debitum
1158 1497 1198 1562 de

3 1683 5 1690 y
70 1606 206 1688 pecunia
230 1612 386 1688 percepta
411 1625 449 1667 ex
475 1605 661 1669 venditione
678 1606 873 1671 interiorum
889 1607 1042 1689 ipsorum,
1058 1627 1118 1672 neo
1134 1628 1198 1671 non

69 1713 289 1797 recipiendum
314 1711 479 1795 predictas
494 1711 596 1795 pelles
612 1725 644 1780 et
658 1713 746 1778 coria
763 1713 953 1780 animalium
968 1714 1198 1798 predictorum,

69 1829 101 1886 rt
124 1820 202 1885 illas
214 1820 329 1886 faciat
354 1841 413 1902 pro
442 1819 545 1902 ipsius
563 1818 663 1884 Ourie
680 1827 772 1903 parte
788 1823 899 1904 vendi,
924 1822 1076 1888 fidelitati
1093 1831 1200 1888 vestre

69 1929 261 1993 mandamus
287 1947 448 2010 expresse,
473 1933 632 2010 quatenus
656 1931 785 2010 ponatis
801 1932 963 1996 rationem
980 1932 1042 1996 stb.
1075 1931 1198 1997 Datum

68 2035 210 2119 Neapolj
237 2035 271 2098 in
287 2031 427 2099 (lamera
451 2040 565 2100 nostra
590 2056 675 2100 anno
691 2037 825 2101 Domini
849 2035 1128 2102 MCCCXXXV.
1146 2039 1199 2103 die

69 2141 381 2224 Xt'111.Januarij
399 2143 466 2208 III.
483 2140 678 2224 indictionis,
704 2144 892 2224 Regnorum
913 2150 1095 2210 nostrorum
1114 2168 1198 2212 aurio

67 2251 207 2319 XXVI.

175 2435 211 2495 (Α
228 2433 311 2493 »Rem
325 2431 476 2492 nngioini«
500 2437 560 2482 292.
575 2447 611 2481 sz.
626 2434 691 2496 Reg.
706 2433 822 2484 Roberti
837 2436 870 2488 R.
884 2437 942 2485 kttt.
965 2441 1022 2487 153.
1037 2439 1099 2498 lev,
1119 2452 1145 2487 u.
1160 2443 1197 2502 ο.)

601 2791 674 2850 337.

123 2949 243 3012 Robora
260 2948 381 3010 aioilini
397 2947 580 3032 klrdlynol'
597 2947 809 3010 szu'rntorto'si.
825 2947 1018 3032 klirryoeibdl.
1040 2951 1134 3012 1335.

173 3122 477 3192 MOOOXXXVI.
493 3126 545 3190 dio
562 3126 703 3190 secundo
720 3123 872 3189 ‹larruarii
889 3123 1075 3209 Stephanus
1087 3125 1198 3208 Voge-

64 3255 120 3296 rus
137 3233 314 3298 familiaris
324 3231 459 3298 Andreo
472 3233 574 3298 Ducis
590 3233 689 3298 habet
705 3235 813 3298 vnoias
831 3235 902 3298 auri
915 3239 983 3299 tros
994 3255 1052 3318 pro
1063 3234 1198 3298 emenda

61 3342 157 3404 rnius
176 3343 254 3423 equi
270 3343 391 3406 mortui
407 3341 441 3404 in
459 3342 606 3424 soruioijs
622 3341 703 3406 dioti
719 3343 831 3406 Ducis..

171 3555 330 3620 Prodioto
358 3555 486 3620 domino
503 3555 629 3640 Boyani
655 3578 714 3640 pro
732 3556 841 3640 pretio
858 3577 1035 3622 cannarum
1053 3553 1199 3624 XXXV

62 3669 95 3728 et
122 3664 310 3748 palmorum
338 3663 474 3729 duorum
492 3664 556 3727 telo
573 3664 659 3729 linee
678 3665 717 3728 de
734 3663 856 3745 Remis,
873 3663 912 3728 de
929 3663 1046 3748 quilius
1063 3663 1148 3728 l'aote
1166 3671 1199 3726 et

59 3771 206 3838 liberate
224 3779 300 3838 sunt
315 3781 402 3839 certe
419 3775 552 3839 oanrisie
568 3780 599 3837 et
618 3773 770 3838 saralrule
789 3774 832 3838 ad
849 3795 930 3856 opus
941 3773 1082 3854 Regium
1099 3772 1199 3835 dioto·

56 3902 130 3945 rum
161 3881 288 3945 domini
305 3880 408 3966 Regis
425 3882 579 3964 Vngario,
607 3880 736 3946 domine
754 3881 880 3960 Regino
907 3883 1068 3946 consortis
1085 3880 1200 3962 Regio,

58 4011 118 4056 neo
135 4011 206 4054 non
223 3989 303 4053 dioti
320 3989 485 4054 Ferrandi
503 3989 644 4054 Infantis
661 3990 699 4054 do
715 3989 894 4055 Maiorinis.

169 4205 238 4270 Dis
256 4203 339 4268 XX.
366 4203 482 4270 mensis
501 4205 616 4288 Martij
635 4204 780 4288 Neapoli
806 4205 911 4269 soluto
929 4211 1005 4268 sunt
1020 4203 1198 4268 Francisoo

58 4309 231 4378 Johannis
249 4312 289 4376 de
306 4311 476 4378 Florentia
495 4315 674 4378 rumoatori
691 4311 832 4397 Neapoli
851 4311 1073 4392 commoranti,
1099 4318 1198 4394 prout

59 4421 148 4485 intra
177 4420 402 4503 distinguitur,
428 4423 461 4485 in
487 4423 647 4486 ormolenis
674 4423 802 4502 arpenti
831 4423 923 4486 rnoio
949 4419 1137 4486 XXVIIII
1153 4427 1201 4485 ta-

58 4531 132 4595 reni
150 4527 216 4594 III
232 4549 337 4609 grana
352 4527 472 4596 XVII.

106 4667 173 4702 uon.
193 4665 278 4714 iruna,
289 4665 357 4702 nrsr.
375 4677 418 4686 —-
434 4667 502 4702 nors
518 4668 577 4702 uxr.
1054 4644 1094 4702 22
