3244 5236
439 423 508 485 404
742 447 747 456 ·
789 435 1023 482 nmaounczmu
1048 423 1216 481 anduno.

434 597 573 664 forsitan
592 595 706 660 talium
723 595 780 677 qui
795 613 870 658 vere
885 613 950 658 non
966 599 1076 658 essent
1086 595 1138 658 sui
1148 595 1247 659 amici
1257 617 1264 674 ;
1275 593 1483 678 providimus,
1495 594 1557 658 dic-

434 712 504 771 tum
535 705 688 769 nuncium
719 701 950 768 destinandum
974 701 1018 766 ad
1042 701 1159 784 ipsum,
1184 700 1227 768 ad
1241 701 1475 767 notificandum
1501 701 1557 768 sibi

433 813 591 901 predicta,
606 818 639 878 et
654 809 835 894 dicendum,
851 809 947 894 quod,
962 809 1118 893 predictis
1134 811 1357 893 consideratis,
1373 810 1556 876 Dominium

432 928 678 990 contestaretur
710 920 859 1002 accipere
890 919 1014 982 dictum
1044 925 1190 986 castrum
1221 926 1253 984 et
1284 925 1414 1001 terram,
1431 915 1555 1002 quando

432 1031 550 1099 Comes
566 1028 757 1096 Maladinus
788 1049 862 1092 eum
892 1026 972 1092 dare
987 1027 1085 1092 vellet
1100 1049 1173 1092 cum
1190 1027 1340 1092 omnibus
1354 1027 1488 1108 iuribus
1503 1025 1553 1090 ho-

430 1139 564 1206 noribus
581 1145 613 1204 et
622 1136 903 1204 iurisdiccionibus
920 1137 1219 1222 quomodocumque
1236 1138 1457 1222 spectantibus
1472 1136 1553 1201 dicto

428 1246 501 1312 loco
516 1268 576 1330 pro
592 1245 685 1310 libris
702 1244 813 1310 decem
829 1244 981 1310 millibus.
996 1243 1073 1310 Hoc
1099 1243 1194 1310 modo
1219 1244 1381 1327 videlicet,
1397 1244 1483 1328 quod
1498 1265 1551 1328 per

426 1353 616 1422 Dominium
632 1353 835 1419 solverentur
851 1357 937 1433 ante,
953 1357 987 1416 et
1000 1352 1051 1416 illi
1067 1351 1108 1416 de
1135 1351 1326 1419 Scibenioho
1345 1352 1431 1418 infra
1446 1353 1549 1419 termi-

426 1483 505 1526 num
521 1461 664 1546 quinque
680 1481 839 1526 annorum
869 1460 1041 1525 restituere
1071 1466 1262 1527 tenerentur
1292 1459 1445 1526 Dominio
1460 1480 1548 1544 pecu·

424 1571 512 1636 niam
527 1569 759 1653 supradictam,
773 1566 927 1633 videlicet
951 1566 1052 1632 libras
1076 1567 1141 1632 duo
1166 1567 1272 1633 millia
1296 1588 1355 1650 per
1370 1589 1504 1647 annum,
1519 1572 1546 1630 et

423 1677 513 1762 quod
528 1665 566 1742 'si
582 1677 705 1742 dictum
721 1681 866 1741 castrum
881 1674 943 1740 ho'o
959 1676 1054 1740 modo
1079 1674 1197 1742 haberi
1212 1681 1332 1758 posset,
1348 1676 1544 1740 consideran·

422 1791 484 1868 tes,
500 1785 588 1868 quod
604 1784 664 1850 sub
682 1784 797 1849 umbra
813 1784 916 1850 nostri
947 1781 1095 1848 Dominii
1125 1781 1242 1848 melius
1273 1783 1492 1849 custodiretur
1514 1789 1543 1846 et

423 1893 608 1958 salvaretur
633 1892 739 1956 dictus
755 1891 853 1972 tecue,
879 1911 978 1974 quam
1005 1911 1064 1973 per
1079 1890 1167 1973 ipsos
1185 1891 1225 1955 de
1242 1889 1444 1972 Scibenicho,
1461 1889 1540 1973 quod

422 2020 481 2083 per
495 1999 686 2067 Dominium
717 2001 906 2064 mitteretur
936 1997 980 2063 ad
1011 1998 1192 2064 custodiam
1223 2000 1304 2064 dicti
1330 1997 1441 2066 Castri
1464 2019 1539 2063 unus

420 2107 629 2176 Castellanus
659 2129 731 2172 cum
760 2129 826 2172 uno
857 2107 945 2172 socio
961 2105 1101 2188 Veneto,
1133 2113 1275 2191 quatuor
1305 2107 1444 2188 famulis,
1469 2103 1538 2172 XII

420 2216 623 2282 sernentibus
647 2215 688 2280 de
703 2215 775 2280 istis
800 2213 970 2298 partibus;
987 2223 1021 2279 et
1036 2221 1158 2280 restum
1183 2216 1298 2298 gentis,
1314 2238 1377 2299 que
1393 2221 1476 2284 esset
1489 2235 1536 2280 ne·

419 2326 558 2389 cessaria
589 2344 649 2407 pro
682 2323 858 2388 securitate
889 2321 970 2388 dieti
1001 2320 1130 2405 Castri,
1161 2329 1338 2408 poneretur
1355 2323 1471 2389 deinde
1484 2344 1535 2408 per

418 2433 507 2515 ipsos
532 2430 572 2494 de
599 2429 802 2510 Soibenicho,
827 2429 977 2512 ponendo
1003 2427 1042 2493 de
1073 2429 1139 2494 illis
1155 2430 1197 2496 de
1220 2437 1310 2496 terra
1327 2430 1484 2497 Soibenioi
1498 2430 1533 2495 de

420 2557 530 2601 mense
545 2537 580 2599 in
595 2557 747 2620 mensem,
766 2537 884 2620 velper
900 2535 1031 2601 modum
1043 2536 1135 2618 soldi,
1145 2544 1244 2620 prout
1252 2539 1366 2604 melius
1382 2547 1415 2606 et
1429 2541 1532 2605 utilius
1601 2593 1602 2598 ,

416 2643 606 2728 apparebit3
631 2650 663 2708 et
693 2643 781 2727 quod
811 2644 934 2710 salaria
964 2643 1181 2728 predictorum
1213 2642 1400 2733 castellani,
1415 2649 1490 2714 socii
1504 2653 1531 2712 et
1601 2631 1603 2668 ⁵

416 2749 557 2816 aliorum
573 2751 749 2816 solveretur
766 2750 805 2815 de
822 2750 1010 2820 introitibus
1035 2756 1069 2817 et
1092 2754 1302 2835 proventibus
1334 2754 1411 2820 dicti
1428 2753 1529 2820 castri
1597 2779 1599 2844 j

417 2864 450 2925 et
465 2858 528 2925 loci
544 2859 694 2943 ponendo
726 2857 773 2923 ibi
805 2859 904 2924 etiam
927 2859 987 2924 illa
1011 2858 1108 2924 dacia
1123 2865 1157 2925 et
1175 2861 1331 2944 gabellas,
1349 2885 1410 2946 que
1426 2869 1527 2928 essent

412 2968 654 3047 convenientem
679 2971 713 3031 et
729 2965 817 3049 quod
832 2965 979 3031 homines
1004 2967 1121 3032 deinde
1146 2967 1270 3034 nullam
1295 2991 1426 3036 causam
1440 2971 1527 3037 habe

411 3080 486 3139 rent
501 3073 738 3156 conquerendi;
754 3094 817 3155 que
841 3072 869 3138 si
884 3094 949 3139 non
958 3073 1145 3139 sufficerent
1154 3074 1199 3140 ad
1214 3077 1407 3142 solucionem
1423 3079 1525 3144 salarii

411 3179 592 3248 Castelleni
609 3187 642 3246 et
658 3182 799 3246 omnium
824 3182 1055 3264 predictorum,
1086 3181 1174 3265 quod
1197 3205 1257 3268 per
1273 3183 1450 3253 Commune
1466 3184 1524 3252 Sci-

409 3287 517 3353 benici
532 3288 709 3354 solveretur
724 3287 815 3370 illud,
831 3288 919 3372 quod
935 3288 1089 3355 deficeret
1104 3313 1164 3374 pro
1180 3291 1332 3361 solvendo
1348 3295 1434 3362 dicta
1450 3296 1522 3360 sala-

407 3395 460 3460 ria
474 3401 508 3460 et
524 3394 601 3478 alia,
617 3418 681 3480 que
698 3403 805 3462 essent
828 3398 1015 3464 necessaria
1041 3418 1101 3481 pro
1125 3404 1199 3466 tuta
1215 3403 1362 3469 custodia
1378 3405 1453 3472 dicti
1468 3403 1521 3470 Ca·

406 3503 483 3584 stri;
504 3509 539 3568 et
554 3502 642 3587 quod
658 3526 755 3588 super
770 3505 831 3572 hoc
846 3506 1002 3588 volumus,
1019 3528 1058 3572 ne
1073 3508 1196 3573 dietum
1227 3509 1380 3578 Castrum
1395 3521 1428 3580 et
1441 3514 1520 3579 locus

405 3609 449 3674 ad
464 3632 578 3676 manus
594 3611 734 3677 aliorum
749 3614 868 3678 veniat.
899 3613 945 3678 Et
971 3635 1011 3679 ne
1027 3613 1107 3680 dicti
1133 3617 1237 3682 nostri
1253 3619 1365 3688 fideles
1381 3644 1437 3706 per
1451 3629 1518 3686 tem-

403 3739 485 3801 pora
500 3727 634 3802 possent
650 3719 758 3785 dicere
774 3728 807 3785 et
823 3722 916 3787 nobis
946 3722 1119 3807 imputare,
1145 3726 1232 3809 quod
1249 3727 1313 3794 hoo
1327 3732 1468 3815 pervenit
1482 3727 1517 3793 ad
1559 3790 1563 3798 .

403 3833 549 3892 nostram
581 3829 747 3910 noticiam,
777 3837 810 3894 ct
841 3831 888 3894 eis
918 3837 1031 3897 notum
1054 3833 1295 3904 confecimus:
1322 3839 1407 3922 quod
1423 3838 1514 3903 dictus

404 3931 522 4001 Comes
540 3933 703 4002 Scibenici
733 3943 864 4004 moneat
888 3939 978 4004 dicta
1003 3938 1104 4006 verba
1120 3941 1186 4008 illis
1206 3943 1247 4010 de
1264 3945 1452 4012 Seibenicho
1465 3966 1513 4031 per

402 4041 495 4109 illum
510 4045 642 4110 modum
657 4049 691 4109 et
715 4046 810 4128 viam,
841 4053 876 4110 et
895 4047 978 4111 sicut
1004 4054 1038 4113 et
1054 4049 1185 4132 quando
1210 4052 1273 4119 sibi
1298 4053 1463 4136 ridebitur,
1485 4058 1511 4117 et

397 4150 485 4233 quod
501 4150 544 4217 ab
561 4152 682 4218 eisdem
698 4153 738 4218 de
756 4151 949 4220 Scibenicho
966 4155 1114 4239 inquirat
1130 4163 1164 4222 et
1181 4160 1296 4226 trahat
1311 4185 1402 4230 suam
1417 4161 1511 4228 volun·

394 4263 507 4340 tatem,
523 4257 647 4324 scilicet
677 4258 807 4342 quando
831 4266 1098 4327 contentarentur
1114 4264 1154 4328 de
1169 4265 1325 4349 predictis
1341 4275 1374 4336 et
1389 4267 1506 4352 singulis

396 4363 628 4445 predictorum.
643 4365 690 4432 Et
706 4365 734 4430 si
750 4386 845 4434 casus
860 4375 955 4451 esset,
978 4369 1068 4452 quod
1094 4371 1265 4456 credimus,
1285 4377 1373 4460 quod
1388 4376 1460 4442 dicti
1474 4373 1505 4438 do

395 4465 588 4538 Scibenioho
620 4477 848 4540 contententur
880 4475 920 4540 de
951 4474 1142 4562 accipiendo
1173 4479 1296 4549 dictum
1327 4489 1461 4552 castrum
1477 4483 1502 4544 et

391 4574 505 4652 locum
521 4597 581 4671 pro
597 4581 709 4664 precio
726 4579 923 4666 supradicto,
948 4584 1150 4652 restituendo
1166 4610 1225 4673 per
1239 4593 1394 4659 terminos
1408 4595 1501 4656 nostro
