<?xml version="1.0" encoding="UTF-8"?>
<!DOCTYPE html PUBLIC "-//W3C//DTD XHTML 1.0 Transitional//EN"
    "http://www.w3.org/TR/xhtml1/DTD/xhtml1-transitional.dtd">
<html xmlns="http://www.w3.org/1999/xhtml" xml:lang="en" lang="en">
 <head>
  <title>
</title>
<meta http-equiv="Content-Type" content="text/html;charset=utf-8" />
  <meta name='ocr-system' content='tesseract 3.04.00' />
  <meta name='ocr-capabilities' content='ocr_page ocr_carea ocr_par ocr_line ocrx_word'/>
</head>
<body>
  <div class='ocr_page' id='page_1' title='image "./magyardiplomacz02wenzgoog_0352.png"; bbox 0 0 3222 5240; ppageno 0'>
   <div class='ocr_carea' id='block_1_1' title="bbox 450 377 1231 446">
    <p class='ocr_par' dir='ltr' id='par_1_1' title="bbox 450 377 1231 446">
     <span class='ocr_line' id='line_1_1' title="bbox 450 377 1231 446; baseline -0.005 -2"><span class='ocrx_word' id='word_1_1' title='bbox 450 383 513 444; x_wconf 89' lang='grc'>316</span> <span class='ocrx_word' id='word_1_2' title='bbox 807 400 1044 444; x_wconf 75' lang='lat' dir='ltr'>ulrrounezrrr</span> <span class='ocrx_word' id='word_1_3' title='bbox 1062 377 1231 446; x_wconf 63' lang='lat' dir='ltr'>sartura.</span> 
     </span>
    </p>
   </div>
   <div class='ocr_carea' id='block_1_2' title="bbox 447 553 1599 4630">
    <p class='ocr_par' dir='ltr' id='par_1_2' title="bbox 447 553 1599 4630">
     <span class='ocr_line' id='line_1_2' title="bbox 448 553 1559 643; baseline -0.004 -19"><span class='ocrx_word' id='word_1_4' title='bbox 448 559 637 642; x_wconf 87' lang='lat' dir='ltr'>congregati</span> <span class='ocrx_word' id='word_1_5' title='bbox 662 559 858 641; x_wconf 75' lang='lat' dir='ltr'>specialiter,</span> <span class='ocrx_word' id='word_1_6' title='bbox 883 581 943 643; x_wconf 93' lang='lat' dir='ltr'>pro</span> <span class='ocrx_word' id='word_1_7' title='bbox 970 558 1181 642; x_wconf 84' lang='lat' dir='ltr'>infrascripta</span> <span class='ocrx_word' id='word_1_8' title='bbox 1204 557 1437 624; x_wconf 90' lang='lat' dir='ltr'>constitutione</span> <span class='ocrx_word' id='word_1_9' title='bbox 1452 553 1559 620; x_wconf 86' lang='lat' dir='ltr'>sindici</span> 
     </span>
     <span class='ocr_line' id='line_1_3' title="bbox 448 665 1563 749; baseline -0.005 -17"><span class='ocrx_word' id='word_1_10' title='bbox 448 671 482 732; x_wconf 86' lang='lat' dir='ltr'>at</span> <span class='ocrx_word' id='word_1_11' title='bbox 504 667 727 749; x_wconf 79' lang='lat' dir='ltr'>procuratoris</span> <span class='ocrx_word' id='word_1_12' title='bbox 753 666 834 733; x_wconf 91' lang='lat' dir='ltr'>dicti</span> <span class='ocrx_word' id='word_1_13' title='bbox 850 665 1038 732; x_wconf 76' lang='lat' dir='ltr'>Communis</span> <span class='ocrx_word' id='word_1_14' title='bbox 1058 665 1198 733; x_wconf 78' lang='lat' dir='ltr'>faciendi</span> <span class='ocrx_word' id='word_1_15' title='bbox 1215 667 1258 732; x_wconf 89' lang='lat' dir='ltr'>ad</span> <span class='ocrx_word' id='word_1_16' title='bbox 1273 665 1485 748; x_wconf 83' lang='lat' dir='ltr'>infrascripta</span> <span class='ocrx_word' id='word_1_17' title='bbox 1501 685 1563 748; x_wconf 50' lang='lat' dir='ltr'>sper</span> 
     </span>
     <span class='ocr_line' id='line_1_4' title="bbox 448 769 1564 858; baseline -0.003 -21"><span class='ocrx_word' id='word_1_18' title='bbox 448 773 575 839; x_wconf 79' lang='lat' dir='ltr'>cialiter</span> <span class='ocrx_word' id='word_1_19' title='bbox 592 773 779 857; x_wconf 78' lang='lat' dir='ltr'>deputandi.</span> <span class='ocrx_word' id='word_1_20' title='bbox 813 775 977 858; x_wconf 82' lang='lat' dir='ltr'>Egregius</span> <span class='ocrx_word' id='word_1_21' title='bbox 993 795 1032 840; x_wconf 89' lang='lat' dir='ltr'>ac</span> <span class='ocrx_word' id='word_1_22' title='bbox 1047 782 1162 858; x_wconf 86' lang='lat' dir='ltr'>potens</span> <span class='ocrx_word' id='word_1_23' title='bbox 1178 774 1227 840; x_wconf 82' lang='lat' dir='ltr'>vir</span> <span class='ocrx_word' id='word_1_24' title='bbox 1242 771 1378 839; x_wconf 88' lang='lat' dir='ltr'>Marcus</span> <span class='ocrx_word' id='word_1_25' title='bbox 1394 769 1564 837; x_wconf 79' lang='lat' dir='ltr'>(lomarins</span> 
     </span>
     <span class='ocr_line' id='line_1_5' title="bbox 447 876 1565 966; baseline -0.003 -22"><span class='ocrx_word' id='word_1_26' title='bbox 447 876 566 946; x_wconf 80' lang='lat' dir='ltr'>Comes</span> <span class='ocrx_word' id='word_1_27' title='bbox 591 878 735 950; x_wconf 85' lang='lat' dir='ltr'>Sibenici</span> <span class='ocrx_word' id='word_1_28' title='bbox 759 883 909 966; x_wconf 90' lang='lat' dir='ltr'>superius</span> <span class='ocrx_word' id='word_1_29' title='bbox 935 882 1136 966; x_wconf 88' lang='lat' dir='ltr'>nominatus,</span> <span class='ocrx_word' id='word_1_30' title='bbox 1163 880 1300 948; x_wconf 88' lang='lat' dir='ltr'>Judices</span> <span class='ocrx_word' id='word_1_31' title='bbox 1324 887 1358 946; x_wconf 90' lang='lat' dir='ltr'>et</span> <span class='ocrx_word' id='word_1_32' title='bbox 1386 876 1565 944; x_wconf 77' lang='lat' dir='ltr'>Conciliari</span> 
     </span>
     <span class='ocr_line' id='line_1_6' title="bbox 449 984 1565 1073; baseline 0 -23"><span class='ocrx_word' id='word_1_33' title='bbox 449 984 607 1054; x_wconf 84' lang='lat' dir='ltr'>Ciuitatis</span> <span class='ocrx_word' id='word_1_34' title='bbox 635 986 787 1072; x_wconf 84' lang='lat' dir='ltr'>Sibenici,</span> <span class='ocrx_word' id='word_1_35' title='bbox 813 1010 961 1055; x_wconf 89' lang='lat' dir='ltr'>necnon</span> <span class='ocrx_word' id='word_1_36' title='bbox 986 991 1169 1056; x_wconf 79' lang='lat' dir='ltr'>uniuersum</span> <span class='ocrx_word' id='word_1_37' title='bbox 1194 988 1377 1073; x_wconf 88' lang='lat' dir='ltr'>predictum</span> <span class='ocrx_word' id='word_1_38' title='bbox 1394 984 1565 1053; x_wconf 76' lang='lat' dir='ltr'>Consilium</span> 
     </span>
     <span class='ocr_line' id='line_1_7' title="bbox 450 1093 1566 1181; baseline -0.004 -21"><span class='ocrx_word' id='word_1_39' title='bbox 450 1093 626 1178; x_wconf 87' lang='lat' dir='ltr'>Generale,</span> <span class='ocrx_word' id='word_1_40' title='bbox 642 1101 678 1160; x_wconf 81' lang='lat' dir='ltr'>st</span> <span class='ocrx_word' id='word_1_41' title='bbox 686 1095 899 1180; x_wconf 86' lang='lat' dir='ltr'>premittitur,</span> <span class='ocrx_word' id='word_1_42' title='bbox 915 1096 1054 1163; x_wconf 85' lang='lat' dir='ltr'>inuicem</span> <span class='ocrx_word' id='word_1_43' title='bbox 1070 1098 1270 1181; x_wconf 86' lang='lat' dir='ltr'>congregati,</span> <span class='ocrx_word' id='word_1_44' title='bbox 1286 1101 1384 1180; x_wconf 87' lang='lat' dir='ltr'>capta</span> <span class='ocrx_word' id='word_1_45' title='bbox 1399 1101 1432 1160; x_wconf 91' lang='lat' dir='ltr'>et</span> <span class='ocrx_word' id='word_1_46' title='bbox 1446 1093 1566 1158; x_wconf 83' lang='lat' dir='ltr'>firmata</span> 
     </span>
     <span class='ocr_line' id='line_1_8' title="bbox 447 1201 1567 1288; baseline -0.003 -21"><span class='ocrx_word' id='word_1_47' title='bbox 447 1208 544 1285; x_wconf 88' lang='lat' dir='ltr'>parte</span> <span class='ocrx_word' id='word_1_48' title='bbox 569 1203 655 1270; x_wconf 90' lang='lat' dir='ltr'>inter</span> <span class='ocrx_word' id='word_1_49' title='bbox 680 1204 768 1288; x_wconf 91' lang='lat' dir='ltr'>ipsos</span> <span class='ocrx_word' id='word_1_50' title='bbox 793 1204 834 1271; x_wconf 90' lang='lat' dir='ltr'>de</span> <span class='ocrx_word' id='word_1_51' title='bbox 860 1205 984 1271; x_wconf 88' lang='lat' dir='ltr'>sindico</span> <span class='ocrx_word' id='word_1_52' title='bbox 1009 1205 1240 1272; x_wconf 88' lang='lat' dir='ltr'>constituendo</span> <span class='ocrx_word' id='word_1_53' title='bbox 1257 1210 1291 1269; x_wconf 87' lang='lat' dir='ltr'>et</span> <span class='ocrx_word' id='word_1_54' title='bbox 1306 1203 1349 1268; x_wconf 89' lang='lat' dir='ltr'>ad</span> <span class='ocrx_word' id='word_1_55' title='bbox 1365 1201 1567 1284; x_wconf 86' lang='lat' dir='ltr'>infrascripta</span> 
     </span>
     <span class='ocr_line' id='line_1_9' title="bbox 449 1307 1566 1395; baseline -0.002 -23"><span class='ocrx_word' id='word_1_56' title='bbox 449 1310 632 1393; x_wconf 80' lang='lat' dir='ltr'>specialiter</span> <span class='ocrx_word' id='word_1_57' title='bbox 658 1310 831 1395; x_wconf 89' lang='lat' dir='ltr'>elligendo,</span> <span class='ocrx_word' id='word_1_58' title='bbox 857 1320 891 1378; x_wconf 90' lang='lat' dir='ltr'>et</span> <span class='ocrx_word' id='word_1_59' title='bbox 914 1311 1081 1379; x_wconf 85' lang='lat' dir='ltr'>celebrata</span> <span class='ocrx_word' id='word_1_60' title='bbox 1104 1312 1273 1378; x_wconf 88' lang='lat' dir='ltr'>ellectione</span> <span class='ocrx_word' id='word_1_61' title='bbox 1298 1311 1395 1377; x_wconf 90' lang='lat' dir='ltr'>modo</span> <span class='ocrx_word' id='word_1_62' title='bbox 1412 1317 1447 1375; x_wconf 90' lang='lat' dir='ltr'>et</span> <span class='ocrx_word' id='word_1_63' title='bbox 1464 1307 1566 1372; x_wconf 90' lang='lat' dir='ltr'>ordine</span> 
     </span>
     <span class='ocr_line' id='line_1_10' title="bbox 449 1413 1567 1503; baseline 0 -22"><span class='ocrx_word' id='word_1_64' title='bbox 449 1419 638 1500; x_wconf 81' lang='lat' dir='ltr'>constituto,</span> <span class='ocrx_word' id='word_1_65' title='bbox 654 1420 820 1501; x_wconf 79' lang='lat' dir='ltr'>requisitis</span> <span class='ocrx_word' id='word_1_66' title='bbox 836 1419 987 1486; x_wconf 91' lang='lat' dir='ltr'>omnibns</span> <span class='ocrx_word' id='word_1_67' title='bbox 1002 1427 1036 1485; x_wconf 88' lang='lat' dir='ltr'>et</span> <span class='ocrx_word' id='word_1_68' title='bbox 1052 1419 1187 1503; x_wconf 65' lang='grc' dir='ltr'>εἰηςιιΙίε</span> <span class='ocrx_word' id='word_1_69' title='bbox 1203 1419 1244 1484; x_wconf 90' lang='lat' dir='ltr'>de</span> <span class='ocrx_word' id='word_1_70' title='bbox 1261 1419 1348 1484; x_wconf 86' lang='lat' dir='ltr'>dicto</span> <span class='ocrx_word' id='word_1_71' title='bbox 1359 1416 1503 1484; x_wconf 83' lang='lat' dir='ltr'>Consilio</span> <span class='ocrx_word' id='word_1_72' title='bbox 1512 1413 1567 1482; x_wconf 83' lang='lat' dir='ltr'>Ga·</span> 
     </span>
     <span class='ocr_line' id='line_1_11' title="bbox 448 1523 1566 1612; baseline 0 -25"><span class='ocrx_word' id='word_1_73' title='bbox 448 1523 562 1604; x_wconf 85' lang='lat' dir='ltr'>carali,</span> <span class='ocrx_word' id='word_1_74' title='bbox 579 1533 612 1591; x_wconf 90' lang='lat' dir='ltr'>et</span> <span class='ocrx_word' id='word_1_75' title='bbox 631 1527 842 1611; x_wconf 85' lang='lat' dir='ltr'>singulariter</span> <span class='ocrx_word' id='word_1_76' title='bbox 856 1529 998 1594; x_wconf 79' lang='lat' dir='ltr'>vniuersi</span> <span class='ocrx_word' id='word_1_77' title='bbox 1014 1529 1232 1612; x_wconf 88' lang='lat' dir='ltr'>personaliter</span> <span class='ocrx_word' id='word_1_78' title='bbox 1248 1533 1283 1592; x_wconf 91' lang='lat' dir='ltr'>et</span> <span class='ocrx_word' id='word_1_79' title='bbox 1294 1534 1449 1592; x_wconf 89' lang='lat' dir='ltr'>oretenus</span> <span class='ocrx_word' id='word_1_80' title='bbox 1459 1543 1566 1607; x_wconf 84' lang='lat' dir='ltr'>perure</span> 
     </span>
     <span class='ocr_line' id='line_1_12' title="bbox 448 1630 1566 1719; baseline -0.004 -22"><span class='ocrx_word' id='word_1_81' title='bbox 448 1630 626 1699; x_wconf 88' lang='lat' dir='ltr'>Notarium</span> <span class='ocrx_word' id='word_1_82' title='bbox 641 1633 898 1717; x_wconf 85' lang='lat' dir='ltr'>infrascriptum,</span> <span class='ocrx_word' id='word_1_83' title='bbox 914 1654 1025 1701; x_wconf 89' lang='lat' dir='ltr'>eorum</span> <span class='ocrx_word' id='word_1_84' title='bbox 1040 1636 1167 1700; x_wconf 89' lang='lat' dir='ltr'>nemine</span> <span class='ocrx_word' id='word_1_85' title='bbox 1184 1633 1403 1719; x_wconf 84' lang='lat' dir='ltr'>discrepante,</span> <span class='ocrx_word' id='word_1_86' title='bbox 1419 1639 1453 1699; x_wconf 90' lang='lat' dir='ltr'>et</span> <span class='ocrx_word' id='word_1_87' title='bbox 1468 1650 1566 1697; x_wconf 89' lang='lat' dir='ltr'>omnes</span> 
     </span>
     <span class='ocr_line' id='line_1_13' title="bbox 449 1739 1567 1826; baseline -0.001 -23"><span class='ocrx_word' id='word_1_88' title='bbox 449 1742 618 1806; x_wconf 85' lang='lat' dir='ltr'>vnanimes</span> <span class='ocrx_word' id='word_1_89' title='bbox 643 1747 676 1806; x_wconf 90' lang='lat' dir='ltr'>et</span> <span class='ocrx_word' id='word_1_90' title='bbox 701 1742 878 1809; x_wconf 89' lang='lat' dir='ltr'>concordes</span> <span class='ocrx_word' id='word_1_91' title='bbox 904 1763 964 1826; x_wconf 92' lang='lat' dir='ltr'>pro</span> <span class='ocrx_word' id='word_1_92' title='bbox 990 1763 1034 1826; x_wconf 91' lang='lat' dir='ltr'>se,</span> <span class='ocrx_word' id='word_1_93' title='bbox 1058 1744 1188 1808; x_wconf 88' lang='lat' dir='ltr'>nomine</span> <span class='ocrx_word' id='word_1_94' title='bbox 1204 1748 1238 1807; x_wconf 90' lang='lat' dir='ltr'>et</span> <span class='ocrx_word' id='word_1_95' title='bbox 1252 1744 1321 1808; x_wconf 83' lang='lat' dir='ltr'>vice</span> <span class='ocrx_word' id='word_1_96' title='bbox 1339 1739 1526 1808; x_wconf 81' lang='lat' dir='ltr'>Communis</span> <span class='ocrx_word' id='word_1_97' title='bbox 1540 1743 1567 1802; x_wconf 88' lang='lat' dir='ltr'>et</span> 
     </span>
     <span class='ocr_line' id='line_1_14' title="bbox 449 1845 1567 1934; baseline -0.004 -20"><span class='ocrx_word' id='word_1_98' title='bbox 449 1845 685 1914; x_wconf 87' lang='lat' dir='ltr'>Vniuersitatis</span> <span class='ocrx_word' id='word_1_99' title='bbox 712 1870 751 1914; x_wconf 89' lang='lat' dir='ltr'>ae</span> <span class='ocrx_word' id='word_1_100' title='bbox 777 1849 994 1934; x_wconf 82' lang='lat' dir='ltr'>singularium</span> <span class='ocrx_word' id='word_1_101' title='bbox 1019 1869 1234 1934; x_wconf 88' lang='lat' dir='ltr'>personarum</span> <span class='ocrx_word' id='word_1_102' title='bbox 1251 1849 1411 1916; x_wconf 82' lang='lat' dir='ltr'>Ciuitatis</span> <span class='ocrx_word' id='word_1_103' title='bbox 1430 1845 1567 1922; x_wconf 74' lang='lat' dir='ltr'>Sibeuici,</span> 
     </span>
     <span class='ocr_line' id='line_1_15' title="bbox 449 1951 1568 2039; baseline -0.004 -19"><span class='ocrx_word' id='word_1_104' title='bbox 449 1955 604 2039; x_wconf 84' lang='lat' dir='ltr'>iecerunt,</span> <span class='ocrx_word' id='word_1_105' title='bbox 630 1957 867 2022; x_wconf 82' lang='lat' dir='ltr'>coustibreruut</span> <span class='ocrx_word' id='word_1_106' title='bbox 892 1961 926 2022; x_wconf 89' lang='lat' dir='ltr'>et</span> <span class='ocrx_word' id='word_1_107' title='bbox 951 1955 1186 2022; x_wconf 90' lang='lat' dir='ltr'>ordinauerunt</span> <span class='ocrx_word' id='word_1_108' title='bbox 1211 1955 1355 2024; x_wconf 90' lang='lat' dir='ltr'>nobilem</span> <span class='ocrx_word' id='word_1_109' title='bbox 1370 1957 1478 2020; x_wconf 85' lang='lat' dir='ltr'>virum</span> <span class='ocrx_word' id='word_1_110' title='bbox 1497 1951 1568 2018; x_wconf 77' lang='lat' dir='ltr'>Gra</span> 
     </span>
     <span class='ocr_line' id='line_1_16' title="bbox 450 2060 1569 2148; baseline 0.003 -23"><span class='ocrx_word' id='word_1_111' title='bbox 450 2060 578 2144; x_wconf 90' lang='lat' dir='ltr'>gorium</span> <span class='ocrx_word' id='word_1_112' title='bbox 594 2061 730 2146; x_wconf 85' lang='lat' dir='ltr'>Dragoy</span> <span class='ocrx_word' id='word_1_113' title='bbox 747 2061 864 2128; x_wconf 82' lang='lat' dir='ltr'>Cosme</span> <span class='ocrx_word' id='word_1_114' title='bbox 891 2063 994 2129; x_wconf 90' lang='lat' dir='ltr'>ciuem</span> <span class='ocrx_word' id='word_1_115' title='bbox 1011 2062 1164 2147; x_wconf 87' lang='lat' dir='ltr'>Sibenici,</span> <span class='ocrx_word' id='word_1_116' title='bbox 1188 2069 1371 2148; x_wconf 88' lang='lat' dir='ltr'>presentem</span> <span class='ocrx_word' id='word_1_117' title='bbox 1397 2072 1431 2128; x_wconf 88' lang='lat' dir='ltr'>et</span> <span class='ocrx_word' id='word_1_118' title='bbox 1446 2063 1569 2128; x_wconf 75' lang='lat' dir='ltr'>manda</span> 
     </span>
     <span class='ocr_line' id='line_1_17' title="bbox 449 2169 1570 2253; baseline 0.002 -21"><span class='ocrx_word' id='word_1_119' title='bbox 449 2173 518 2233; x_wconf 89' lang='lat' dir='ltr'>tum</span> <span class='ocrx_word' id='word_1_120' title='bbox 535 2170 770 2253; x_wconf 85' lang='lat' dir='ltr'>suscipientem,</span> <span class='ocrx_word' id='word_1_121' title='bbox 788 2191 880 2236; x_wconf 91' lang='lat' dir='ltr'>suum</span> <span class='ocrx_word' id='word_1_122' title='bbox 896 2177 929 2236; x_wconf 90' lang='lat' dir='ltr'>et</span> <span class='ocrx_word' id='word_1_123' title='bbox 944 2171 1023 2237; x_wconf 89' lang='lat' dir='ltr'>dicti</span> <span class='ocrx_word' id='word_1_124' title='bbox 1040 2169 1229 2238; x_wconf 79' lang='lat' dir='ltr'>Communis</span> <span class='ocrx_word' id='word_1_125' title='bbox 1245 2169 1524 2239; x_wconf 86' lang='lat' dir='ltr'>etVniuersitatis</span> <span class='ocrx_word' id='word_1_126' title='bbox 1538 2189 1570 2234; x_wconf 87' lang='lat' dir='ltr'>ac</span> 
     </span>
     <span class='ocr_line' id='line_1_18' title="bbox 451 2275 1571 2362; baseline 0.002 -23"><span class='ocrx_word' id='word_1_127' title='bbox 451 2275 667 2360; x_wconf 89' lang='lat' dir='ltr'>singularium</span> <span class='ocrx_word' id='word_1_128' title='bbox 692 2297 905 2360; x_wconf 89' lang='lat' dir='ltr'>personarum</span> <span class='ocrx_word' id='word_1_129' title='bbox 921 2276 1080 2344; x_wconf 82' lang='lat' dir='ltr'>Ciuitatis</span> <span class='ocrx_word' id='word_1_130' title='bbox 1104 2278 1252 2362; x_wconf 86' lang='lat' dir='ltr'>predicte</span> <span class='ocrx_word' id='word_1_131' title='bbox 1269 2277 1441 2362; x_wconf 89' lang='lat' dir='ltr'>sindicum,</span> <span class='ocrx_word' id='word_1_132' title='bbox 1466 2297 1571 2362; x_wconf 89' lang='lat' dir='ltr'>procu-</span> 
     </span>
     <span class='ocr_line' id='line_1_19' title="bbox 450 2385 1571 2472; baseline 0 -23"><span class='ocrx_word' id='word_1_133' title='bbox 450 2391 592 2450; x_wconf 87' lang='lat' dir='ltr'>ratorem</span> <span class='ocrx_word' id='word_1_134' title='bbox 609 2406 647 2450; x_wconf 89' lang='lat' dir='ltr'>ac</span> <span class='ocrx_word' id='word_1_135' title='bbox 662 2385 811 2451; x_wconf 87' lang='lat' dir='ltr'>nuntium</span> <span class='ocrx_word' id='word_1_136' title='bbox 828 2385 1001 2470; x_wconf 83' lang='lat' dir='ltr'>specialem</span> <span class='ocrx_word' id='word_1_137' title='bbox 1017 2385 1060 2451; x_wconf 90' lang='lat' dir='ltr'>ad</span> <span class='ocrx_word' id='word_1_138' title='bbox 1071 2386 1244 2452; x_wconf 90' lang='lat' dir='ltr'>essendum</span> <span class='ocrx_word' id='word_1_139' title='bbox 1254 2393 1288 2452; x_wconf 93' lang='lat' dir='ltr'>et</span> <span class='ocrx_word' id='word_1_140' title='bbox 1298 2387 1488 2472; x_wconf 86' lang='lat' dir='ltr'>specialiter</span> <span class='ocrx_word' id='word_1_141' title='bbox 1498 2405 1571 2450; x_wconf 89' lang='lat' dir='ltr'>oom-</span> 
     </span>
     <span class='ocr_line' id='line_1_20' title="bbox 450 2492 1571 2578; baseline -0.002 -20"><span class='ocrx_word' id='word_1_142' title='bbox 450 2493 630 2575; x_wconf 89' lang='lat' dir='ltr'>parendum</span> <span class='ocrx_word' id='word_1_143' title='bbox 654 2513 713 2577; x_wconf 89' lang='lat' dir='ltr'>pro</span> <span class='ocrx_word' id='word_1_144' title='bbox 739 2499 841 2578; x_wconf 89' lang='lat' dir='ltr'>parte,</span> <span class='ocrx_word' id='word_1_145' title='bbox 866 2493 934 2558; x_wconf 84' lang='lat' dir='ltr'>vice</span> <span class='ocrx_word' id='word_1_146' title='bbox 959 2513 999 2558; x_wconf 90' lang='lat' dir='ltr'>ac</span> <span class='ocrx_word' id='word_1_147' title='bbox 1023 2492 1152 2558; x_wconf 90' lang='lat' dir='ltr'>nomine</span> <span class='ocrx_word' id='word_1_148' title='bbox 1168 2494 1247 2558; x_wconf 87' lang='lat' dir='ltr'>dicti</span> <span class='ocrx_word' id='word_1_149' title='bbox 1264 2492 1454 2559; x_wconf 82' lang='lat' dir='ltr'>Communis</span> <span class='ocrx_word' id='word_1_150' title='bbox 1471 2511 1571 2558; x_wconf 88' lang='lat' dir='ltr'>coram</span> 
     </span>
     <span class='ocr_line' id='line_1_21' title="bbox 451 2599 1571 2684; baseline -0.003 -19"><span class='ocrx_word' id='word_1_151' title='bbox 451 2599 594 2684; x_wconf 84' lang='lat' dir='ltr'>Egregio</span> <span class='ocrx_word' id='word_1_152' title='bbox 619 2607 652 2666; x_wconf 90' lang='lat' dir='ltr'>et</span> <span class='ocrx_word' id='word_1_153' title='bbox 676 2601 831 2684; x_wconf 91' lang='lat' dir='ltr'>prudenti</span> <span class='ocrx_word' id='word_1_154' title='bbox 856 2601 925 2667; x_wconf 80' lang='lat' dir='ltr'>viro</span> <span class='ocrx_word' id='word_1_155' title='bbox 952 2601 1083 2667; x_wconf 93' lang='lat' dir='ltr'>domino</span> <span class='ocrx_word' id='word_1_156' title='bbox 1099 2600 1274 2666; x_wconf 90' lang='lat' dir='ltr'>Bertuccio</span> <span class='ocrx_word' id='word_1_157' title='bbox 1290 2601 1456 2681; x_wconf 88' lang='lat' dir='ltr'>Bocassio,</span> <span class='ocrx_word' id='word_1_158' title='bbox 1482 2601 1571 2666; x_wconf 83' lang='lat' dir='ltr'>hono</span> 
     </span>
     <span class='ocr_line' id='line_1_22' title="bbox 451 2703 1571 2791; baseline -0.004 -19"><span class='ocrx_word' id='word_1_159' title='bbox 451 2706 555 2772; x_wconf 89' lang='lat' dir='ltr'>raudo</span> <span class='ocrx_word' id='word_1_160' title='bbox 571 2703 798 2773; x_wconf 84' lang='lat' dir='ltr'>Ambaxatore</span> <span class='ocrx_word' id='word_1_161' title='bbox 814 2707 951 2773; x_wconf 88' lang='lat' dir='ltr'>Duoalis</span> <span class='ocrx_word' id='word_1_162' title='bbox 968 2707 1125 2787; x_wconf 91' lang='lat' dir='ltr'>Domiuii,</span> <span class='ocrx_word' id='word_1_163' title='bbox 1150 2708 1249 2773; x_wconf 91' lang='lat' dir='ltr'>misso</span> <span class='ocrx_word' id='word_1_164' title='bbox 1276 2712 1309 2772; x_wconf 90' lang='lat' dir='ltr'>et</span> <span class='ocrx_word' id='word_1_165' title='bbox 1325 2707 1512 2791; x_wconf 88' lang='lat' dir='ltr'>specialiter</span> <span class='ocrx_word' id='word_1_166' title='bbox 1528 2705 1571 2770; x_wconf 88' lang='lat' dir='ltr'>de</span> 
     </span>
     <span class='ocr_line' id='line_1_23' title="bbox 450 2813 1599 2899; baseline -0.001 -21"><span class='ocrx_word' id='word_1_167' title='bbox 450 2819 566 2899; x_wconf 86' lang='lat' dir='ltr'>putato</span> <span class='ocrx_word' id='word_1_168' title='bbox 576 2814 618 2880; x_wconf 88' lang='lat' dir='ltr'>ad</span> <span class='ocrx_word' id='word_1_169' title='bbox 629 2814 921 2895; x_wconf 88' lang='lat' dir='ltr'>determinandum,</span> <span class='ocrx_word' id='word_1_170' title='bbox 939 2813 1179 2899; x_wconf 87' lang='lat' dir='ltr'>designandum</span> <span class='ocrx_word' id='word_1_171' title='bbox 1195 2820 1229 2880; x_wconf 93' lang='lat' dir='ltr'>et</span> <span class='ocrx_word' id='word_1_172' title='bbox 1245 2814 1490 2881; x_wconf 83' lang='lat' dir='ltr'>informandum</span> <span class='ocrx_word' id='word_1_173' title='bbox 1506 2835 1571 2880; x_wconf 90' lang='lat' dir='ltr'>con·</span> <span class='ocrx_word' id='word_1_174' title='bbox 1598 2817 1599 2820; x_wconf 73' lang='grc'>’</span> 
     </span>
     <span class='ocr_line' id='line_1_24' title="bbox 451 2919 1572 3004; baseline -0.001 -17"><span class='ocrx_word' id='word_1_175' title='bbox 451 2921 531 2990; x_wconf 87' lang='lat' dir='ltr'>fines</span> <span class='ocrx_word' id='word_1_176' title='bbox 545 2928 580 2987; x_wconf 88' lang='lat' dir='ltr'>et</span> <span class='ocrx_word' id='word_1_177' title='bbox 596 2922 750 2987; x_wconf 89' lang='lat' dir='ltr'>terminos</span> <span class='ocrx_word' id='word_1_178' title='bbox 760 2922 848 2988; x_wconf 89' lang='lat' dir='ltr'>inter</span> <span class='ocrx_word' id='word_1_179' title='bbox 859 2923 1061 2988; x_wconf 87' lang='lat' dir='ltr'>territorium</span> <span class='ocrx_word' id='word_1_180' title='bbox 1073 2920 1261 2989; x_wconf 83' lang='lat' dir='ltr'>Communis</span> <span class='ocrx_word' id='word_1_181' title='bbox 1275 2919 1432 3004; x_wconf 87' lang='lat' dir='ltr'>Sibeuioi,</span> <span class='ocrx_word' id='word_1_182' title='bbox 1449 2929 1482 2988; x_wconf 89' lang='lat' dir='ltr'>et</span> <span class='ocrx_word' id='word_1_183' title='bbox 1491 2921 1572 2988; x_wconf 90' lang='lat' dir='ltr'>terri·</span> 
     </span>
     <span class='ocr_line' id='line_1_25' title="bbox 450 3027 1571 3114; baseline -0.002 -19"><span class='ocrx_word' id='word_1_184' title='bbox 450 3030 572 3095; x_wconf 90' lang='lat' dir='ltr'>torium</span> <span class='ocrx_word' id='word_1_185' title='bbox 590 3027 779 3095; x_wconf 84' lang='lat' dir='ltr'>Communis</span> <span class='ocrx_word' id='word_1_186' title='bbox 790 3028 956 3113; x_wconf 75' lang='lat' dir='ltr'>Tragurii,</span> <span class='ocrx_word' id='word_1_187' title='bbox 973 3049 1071 3114; x_wconf 89' lang='lat' dir='ltr'>super</span> <span class='ocrx_word' id='word_1_188' title='bbox 1087 3030 1204 3111; x_wconf 92' lang='lat' dir='ltr'>quibus</span> <span class='ocrx_word' id='word_1_189' title='bbox 1221 3027 1391 3112; x_wconf 91' lang='lat' dir='ltr'>hucusque</span> <span class='ocrx_word' id='word_1_190' title='bbox 1407 3033 1532 3112; x_wconf 89' lang='lat' dir='ltr'>questio</span> <span class='ocrx_word' id='word_1_191' title='bbox 1546 3035 1571 3094; x_wconf 86' lang='lat' dir='ltr'>et</span> 
     </span>
     <span class='ocr_line' id='line_1_26' title="bbox 452 3133 1599 3221; baseline -0.004 -15"><span class='ocrx_word' id='word_1_192' title='bbox 452 3138 610 3206; x_wconf 86' lang='lat' dir='ltr'>dissensio</span> <span class='ocrx_word' id='word_1_193' title='bbox 636 3139 783 3203; x_wconf 90' lang='lat' dir='ltr'>noscitur</span> <span class='ocrx_word' id='word_1_194' title='bbox 809 3144 884 3202; x_wconf 81' lang='lat' dir='ltr'>orta</span> <span class='ocrx_word' id='word_1_195' title='bbox 908 3136 999 3219; x_wconf 87' lang='lat' dir='ltr'>iore;</span> <span class='ocrx_word' id='word_1_196' title='bbox 1034 3137 1150 3203; x_wconf 88' lang='lat' dir='ltr'>dautes</span> <span class='ocrx_word' id='word_1_197' title='bbox 1166 3145 1200 3202; x_wconf 89' lang='lat' dir='ltr'>et</span> <span class='ocrx_word' id='word_1_198' title='bbox 1216 3137 1433 3204; x_wconf 88' lang='lat' dir='ltr'>concedentes</span> <span class='ocrx_word' id='word_1_199' title='bbox 1448 3136 1572 3221; x_wconf 87' lang='lat' dir='ltr'>predicti</span> <span class='ocrx_word' id='word_1_200' title='bbox 1597 3133 1599 3214; x_wconf 57' lang='lat' dir='ltr'>l</span> 
     </span>
     <span class='ocr_line' id='line_1_27' title="bbox 453 3241 1571 3329; baseline 0 -19"><span class='ocrx_word' id='word_1_201' title='bbox 453 3245 575 3311; x_wconf 90' lang='lat' dir='ltr'>domini</span> <span class='ocrx_word' id='word_1_202' title='bbox 592 3241 720 3325; x_wconf 78' lang='lat' dir='ltr'>Comes,</span> <span class='ocrx_word' id='word_1_203' title='bbox 744 3243 880 3311; x_wconf 87' lang='lat' dir='ltr'>Judices</span> <span class='ocrx_word' id='word_1_204' title='bbox 897 3253 929 3310; x_wconf 89' lang='lat' dir='ltr'>et</span> <span class='ocrx_word' id='word_1_205' title='bbox 945 3243 1145 3313; x_wconf 88' lang='lat' dir='ltr'>Vniuersum</span> <span class='ocrx_word' id='word_1_206' title='bbox 1162 3245 1345 3311; x_wconf 82' lang='lat' dir='ltr'>Consilium</span> <span class='ocrx_word' id='word_1_207' title='bbox 1361 3247 1571 3329; x_wconf 86' lang='lat' dir='ltr'>supradictum</span> 
     </span>
     <span class='ocr_line' id='line_1_28' title="bbox 452 3353 1571 3437; baseline -0.002 -21"><span class='ocrx_word' id='word_1_208' title='bbox 452 3353 581 3436; x_wconf 88' lang='lat' dir='ltr'>prefato</span> <span class='ocrx_word' id='word_1_209' title='bbox 607 3373 719 3418; x_wconf 90' lang='lat' dir='ltr'>eorum</span> <span class='ocrx_word' id='word_1_210' title='bbox 745 3353 879 3437; x_wconf 85' lang='lat' dir='ltr'>sindico,</span> <span class='ocrx_word' id='word_1_211' title='bbox 906 3355 1020 3419; x_wconf 88' lang='lat' dir='ltr'>nuntio</span> <span class='ocrx_word' id='word_1_212' title='bbox 1047 3360 1080 3419; x_wconf 86' lang='lat' dir='ltr'>et</span> <span class='ocrx_word' id='word_1_213' title='bbox 1103 3355 1310 3437; x_wconf 88' lang='lat' dir='ltr'>procuratori</span> <span class='ocrx_word' id='word_1_214' title='bbox 1328 3355 1362 3416; x_wconf 91' lang='lat' dir='ltr'>in</span> <span class='ocrx_word' id='word_1_215' title='bbox 1378 3353 1533 3437; x_wconf 87' lang='lat' dir='ltr'>predictis</span> <span class='ocrx_word' id='word_1_216' title='bbox 1547 3356 1571 3416; x_wconf 84' lang='lat' dir='ltr'>et</span> 
     </span>
     <span class='ocr_line' id='line_1_29' title="bbox 454 3459 1598 3545; baseline 0 -21"><span class='ocrx_word' id='word_1_217' title='bbox 454 3465 568 3526; x_wconf 87' lang='lat' dir='ltr'>contra</span> <span class='ocrx_word' id='word_1_218' title='bbox 592 3460 741 3544; x_wconf 87' lang='lat' dir='ltr'>predicta</span> <span class='ocrx_word' id='word_1_219' title='bbox 764 3459 893 3545; x_wconf 89' lang='lat' dir='ltr'>plenam</span> <span class='ocrx_word' id='word_1_220' title='bbox 922 3462 1075 3526; x_wconf 88' lang='lat' dir='ltr'>virtutem</span> <span class='ocrx_word' id='word_1_221' title='bbox 1102 3467 1135 3526; x_wconf 90' lang='lat' dir='ltr'>et</span> <span class='ocrx_word' id='word_1_222' title='bbox 1160 3459 1382 3525; x_wconf 87' lang='lat' dir='ltr'>omnimodam</span> <span class='ocrx_word' id='word_1_223' title='bbox 1407 3459 1598 3544; x_wconf 57' lang='lat' dir='ltr'>potentiam,</span> 
     </span>
     <span class='ocr_line' id='line_1_30' title="bbox 452 3565 1572 3652; baseline -0.004 -19"><span class='ocrx_word' id='word_1_224' title='bbox 452 3587 512 3652; x_wconf 92' lang='lat' dir='ltr'>pro</span> <span class='ocrx_word' id='word_1_225' title='bbox 528 3569 576 3634; x_wconf 87' lang='lat' dir='ltr'>eis</span> <span class='ocrx_word' id='word_1_226' title='bbox 593 3576 755 3634; x_wconf 89' lang='lat' dir='ltr'>eteorum</span> <span class='ocrx_word' id='word_1_227' title='bbox 769 3569 900 3634; x_wconf 89' lang='lat' dir='ltr'>nomine</span> <span class='ocrx_word' id='word_1_228' title='bbox 916 3590 955 3634; x_wconf 90' lang='lat' dir='ltr'>ac</span> <span class='ocrx_word' id='word_1_229' title='bbox 972 3570 1050 3652; x_wconf 86' lang='lat' dir='ltr'>vice,</span> <span class='ocrx_word' id='word_1_230' title='bbox 1067 3575 1100 3634; x_wconf 89' lang='lat' dir='ltr'>et</span> <span class='ocrx_word' id='word_1_231' title='bbox 1116 3568 1245 3634; x_wconf 90' lang='lat' dir='ltr'>nomine</span> <span class='ocrx_word' id='word_1_232' title='bbox 1261 3565 1383 3650; x_wconf 83' lang='lat' dir='ltr'>prefati</span> <span class='ocrx_word' id='word_1_233' title='bbox 1401 3565 1572 3632; x_wconf 73' lang='lat' dir='ltr'>Communis</span> 
     </span>
     <span class='ocr_line' id='line_1_31' title="bbox 453 3669 1598 3766; baseline -0.007 -24"><span class='ocrx_word' id='word_1_234' title='bbox 453 3681 487 3742; x_wconf 89' lang='lat' dir='ltr'>et</span> <span class='ocrx_word' id='word_1_235' title='bbox 513 3675 728 3760; x_wconf 88' lang='lat' dir='ltr'>singularium</span> <span class='ocrx_word' id='word_1_236' title='bbox 754 3697 968 3760; x_wconf 88' lang='lat' dir='ltr'>personarum</span> <span class='ocrx_word' id='word_1_237' title='bbox 986 3675 1128 3742; x_wconf 85' lang='lat' dir='ltr'>eiusdem</span> <span class='ocrx_word' id='word_1_238' title='bbox 1146 3673 1275 3758; x_wconf 88' lang='lat' dir='ltr'>agendi,</span> <span class='ocrx_word' id='word_1_239' title='bbox 1301 3669 1506 3755; x_wconf 87' lang='lat' dir='ltr'>defendendi,</span> <span class='ocrx_word' id='word_1_240' title='bbox 1530 3691 1572 3754; x_wconf 86' lang='lat' dir='ltr'>pe</span> <span class='ocrx_word' id='word_1_241' title='bbox 1597 3763 1598 3766; x_wconf 7' lang='grc' dir='ltr'><strong>Ἴ</strong></span> 
     </span>
     <span class='ocr_line' id='line_1_32' title="bbox 451 3776 1571 3868; baseline -0.005 -19"><span class='ocrx_word' id='word_1_242' title='bbox 451 3783 546 3849; x_wconf 88' lang='lat' dir='ltr'>tendi</span> <span class='ocrx_word' id='word_1_243' title='bbox 563 3783 751 3866; x_wconf 81' lang='lat' dir='ltr'>stridendi,</span> <span class='ocrx_word' id='word_1_244' title='bbox 767 3783 946 3868; x_wconf 88' lang='lat' dir='ltr'>placitandi</span> <span class='ocrx_word' id='word_1_245' title='bbox 964 3789 996 3849; x_wconf 91' lang='lat' dir='ltr'>et</span> <span class='ocrx_word' id='word_1_246' title='bbox 1007 3783 1198 3863; x_wconf 83' lang='lat' dir='ltr'>advocandi,</span> <span class='ocrx_word' id='word_1_247' title='bbox 1214 3781 1430 3847; x_wconf 84' lang='lat' dir='ltr'>advocatores</span> <span class='ocrx_word' id='word_1_248' title='bbox 1441 3776 1571 3845; x_wconf 80' lang='lat' dir='ltr'>tollendi</span> 
     </span>
     <span class='ocr_line' id='line_1_33' title="bbox 452 3881 1598 3972; baseline -0.01 -15"><span class='ocrx_word' id='word_1_249' title='bbox 452 3892 543 3957; x_wconf 88' lang='lat' dir='ltr'>litem</span> <span class='ocrx_word' id='word_1_250' title='bbox 568 3891 782 3972; x_wconf 87' lang='lat' dir='ltr'>contestandi,</span> <span class='ocrx_word' id='word_1_251' title='bbox 806 3891 953 3957; x_wconf 89' lang='lat' dir='ltr'>libellum</span> <span class='ocrx_word' id='word_1_252' title='bbox 980 3891 1079 3957; x_wconf 89' lang='lat' dir='ltr'>dandi</span> <span class='ocrx_word' id='word_1_253' title='bbox 1105 3896 1139 3956; x_wconf 88' lang='lat' dir='ltr'>et</span> <span class='ocrx_word' id='word_1_254' title='bbox 1154 3887 1345 3972; x_wconf 87' lang='lat' dir='ltr'>recipiendi,</span> <span class='ocrx_word' id='word_1_255' title='bbox 1371 3887 1564 3972; x_wconf 84' lang='lat' dir='ltr'>exceptiones</span> <span class='ocrx_word' id='word_1_256' title='bbox 1597 3881 1598 3884; x_wconf 71' lang='grc'>’</span> 
     </span>
     <span class='ocr_line' id='line_1_34' title="bbox 452 3997 1562 4084; baseline -0.005 -20"><span class='ocrx_word' id='word_1_257' title='bbox 452 3999 645 4084; x_wconf 89' lang='lat' dir='ltr'>opponendi,</span> <span class='ocrx_word' id='word_1_258' title='bbox 669 4003 703 4063; x_wconf 87' lang='lat' dir='ltr'>st</span> <span class='ocrx_word' id='word_1_259' title='bbox 719 3997 877 4082; x_wconf 87' lang='lat' dir='ltr'>appositis</span> <span class='ocrx_word' id='word_1_260' title='bbox 893 3997 1121 4080; x_wconf 88' lang='lat' dir='ltr'>respondendi,</span> <span class='ocrx_word' id='word_1_261' title='bbox 1146 3999 1372 4072; x_wconf 86' lang='lat' dir='ltr'>instrumenta,</span> <span class='ocrx_word' id='word_1_262' title='bbox 1389 3997 1562 4079; x_wconf 78' lang='lat' dir='ltr'>scripturas,</span> 
     </span>
     <span class='ocr_line' id='line_1_35' title="bbox 451 4095 1598 4193; baseline -0.009 -19"><span class='ocrx_word' id='word_1_263' title='bbox 451 4107 634 4193; x_wconf 86' lang='lat' dir='ltr'>priuilegia,</span> <span class='ocrx_word' id='word_1_264' title='bbox 658 4105 802 4172; x_wconf 88' lang='lat' dir='ltr'>rationes</span> <span class='ocrx_word' id='word_1_265' title='bbox 827 4111 859 4170; x_wconf 92' lang='lat' dir='ltr'>et</span> <span class='ocrx_word' id='word_1_266' title='bbox 884 4106 959 4172; x_wconf 91' lang='lat' dir='ltr'>iura</span> <span class='ocrx_word' id='word_1_267' title='bbox 984 4107 1128 4188; x_wconf 88' lang='lat' dir='ltr'>quelibet</span> <span class='ocrx_word' id='word_1_268' title='bbox 1143 4099 1358 4190; x_wconf 88' lang='lat' dir='ltr'>proponendi,</span> <span class='ocrx_word' id='word_1_269' title='bbox 1386 4109 1420 4167; x_wconf 88' lang='lat' dir='ltr'>et</span> <span class='ocrx_word' id='word_1_270' title='bbox 1438 4100 1566 4168; x_wconf 89' lang='lat' dir='ltr'>iutrodu·</span> <span class='ocrx_word' id='word_1_271' title='bbox 1597 4095 1598 4102; x_wconf 65' lang='lat'><em>&#39;</em></span> 
     </span>
     <span class='ocr_line' id='line_1_36' title="bbox 452 4205 1567 4299; baseline -0.007 -17"><span class='ocrx_word' id='word_1_272' title='bbox 452 4214 546 4282; x_wconf 88' lang='lat' dir='ltr'>caudi</span> <span class='ocrx_word' id='word_1_273' title='bbox 555 4220 656 4282; x_wconf 88' lang='lat' dir='ltr'>testes</span> <span class='ocrx_word' id='word_1_274' title='bbox 666 4220 699 4280; x_wconf 90' lang='lat' dir='ltr'>et</span> <span class='ocrx_word' id='word_1_275' title='bbox 710 4211 871 4299; x_wconf 87' lang='lat' dir='ltr'>quaslibet</span> <span class='ocrx_word' id='word_1_276' title='bbox 880 4213 1100 4298; x_wconf 88' lang='lat' dir='ltr'>probationes,</span> <span class='ocrx_word' id='word_1_277' title='bbox 1111 4219 1144 4279; x_wconf 92' lang='lat' dir='ltr'>et</span> <span class='ocrx_word' id='word_1_278' title='bbox 1153 4211 1362 4280; x_wconf 87' lang='lat' dir='ltr'>introductas</span> <span class='ocrx_word' id='word_1_279' title='bbox 1375 4205 1567 4296; x_wconf 76' lang='lat' dir='ltr'>reprobandi</span> 
     </span>
     <span class='ocr_line' id='line_1_37' title="bbox 452 4321 1565 4408; baseline -0.006 -18"><span class='ocrx_word' id='word_1_280' title='bbox 452 4323 666 4408; x_wconf 87' lang='lat' dir='ltr'>protestandi,</span> <span class='ocrx_word' id='word_1_281' title='bbox 692 4327 726 4389; x_wconf 87' lang='lat' dir='ltr'>ct</span> <span class='ocrx_word' id='word_1_282' title='bbox 749 4327 952 4408; x_wconf 80' lang='lat' dir='ltr'>protestatae</span> <span class='ocrx_word' id='word_1_283' title='bbox 967 4321 1197 4406; x_wconf 90' lang='lat' dir='ltr'>prosequendi,</span> <span class='ocrx_word' id='word_1_284' title='bbox 1221 4327 1472 4407; x_wconf 90' lang='lat' dir='ltr'>procuratorem</span> <span class='ocrx_word' id='word_1_285' title='bbox 1487 4334 1565 4386; x_wconf 81' lang='lat' dir='ltr'>mun</span> 
     </span>
     <span class='ocr_line' id='line_1_38' title="bbox 452 4424 1564 4516; baseline -0.003 -20"><span class='ocrx_word' id='word_1_286' title='bbox 452 4431 504 4497; x_wconf 83' lang='lat' dir='ltr'>vel</span> <span class='ocrx_word' id='word_1_287' title='bbox 519 4431 638 4515; x_wconf 85' lang='lat' dir='ltr'>plures,</span> <span class='ocrx_word' id='word_1_288' title='bbox 661 4429 746 4498; x_wconf 87' lang='lat' dir='ltr'>sicut</span> <span class='ocrx_word' id='word_1_289' title='bbox 761 4437 794 4496; x_wconf 91' lang='lat' dir='ltr'>et</span> <span class='ocrx_word' id='word_1_290' title='bbox 808 4436 969 4514; x_wconf 88' lang='lat' dir='ltr'>quantum</span> <span class='ocrx_word' id='word_1_291' title='bbox 984 4451 1066 4516; x_wconf 89' lang='lat' dir='ltr'>opus</span> <span class='ocrx_word' id='word_1_292' title='bbox 1081 4429 1189 4514; x_wconf 78' lang='lat' dir='ltr'>fuerit,</span> <span class='ocrx_word' id='word_1_293' title='bbox 1215 4431 1446 4515; x_wconf 86' lang='lat' dir='ltr'>substituendi,</span> <span class='ocrx_word' id='word_1_294' title='bbox 1462 4435 1494 4495; x_wconf 91' lang='lat' dir='ltr'>et</span> <span class='ocrx_word' id='word_1_295' title='bbox 1506 4424 1564 4491; x_wconf 88' lang='lat' dir='ltr'>sub·</span> 
     </span>
     <span class='ocr_line' id='line_1_39' title="bbox 451 4529 1568 4630; baseline -0.005 -24"><span class='ocrx_word' id='word_1_296' title='bbox 451 4539 584 4606; x_wconf 86' lang='lat' dir='ltr'>stitutos</span> <span class='ocrx_word' id='word_1_297' title='bbox 600 4537 787 4620; x_wconf 82' lang='lat' dir='ltr'>revocandi,</span> <span class='ocrx_word' id='word_1_298' title='bbox 803 4538 927 4605; x_wconf 86' lang='lat' dir='ltr'>iudices</span> <span class='ocrx_word' id='word_1_299' title='bbox 939 4547 973 4606; x_wconf 92' lang='lat' dir='ltr'>et</span> <span class='ocrx_word' id='word_1_300' title='bbox 983 4539 1128 4606; x_wconf 88' lang='lat' dir='ltr'>arbitros</span> <span class='ocrx_word' id='word_1_301' title='bbox 1138 4537 1290 4622; x_wconf 88' lang='lat' dir='ltr'>eligendi,</span> <span class='ocrx_word' id='word_1_302' title='bbox 1300 4529 1568 4630; x_wconf 69' lang='lat' dir='ltr'>compromittant</span> 
     </span>
    </p>
   </div>
   <div class='ocr_carea' id='block_1_3' title="bbox 0 0 1624 5240">
    <p class='ocr_par' dir='ltr' id='par_1_3' title="bbox 0 0 1624 5240">
     <span class='ocr_line' id='line_1_40' title="bbox 0 0 1624 5240; baseline 0 0"><span class='ocrx_word' id='word_1_303' title='bbox 0 0 1624 5240; x_wconf 95' lang='lat' dir='ltr'> </span> 
     </span>
    </p>
   </div>
  </div>
 </body>
</html>
