3222 5240
433 323 497 386 324
781 338 1016 385 ninnouacanu
1036 326 1203 388 uncinus.

430 498 492 564 fide
509 495 680 582 Capitanei
696 495 884 578 Galearum,
916 498 1003 581 quod
1028 496 1086 579 illi,
1114 499 1170 580 qni
1193 497 1418 578 remanseriut,
1433 497 1497 562 sint
1511 495 1545 560 de

429 604 565 670 soldatis
590 603 722 669 ibidem.
742 606 786 671 Et
803 607 830 668 si
854 603 1027 670 consilium
1043 611 1104 670 etc.

538 767 574 826 (A
589 767 700 818 ›Misti‹
714 767 804 818 azimo
817 767 957 817 velenezei
970 767 1203 830 allamldnyvben
1216 767 1292 818 XVI.
1305 766 1366 817 hot.
1381 770 1422 816 84.
1435 767 1500 831 lev.)

950 1182 1024 1244 330.

429 1346 459 1406 A
475 1342 630 1406 oeleaczei
660 1340 818 1427 lormduy
848 1341 1129 1427 meycizeyditatja
1161 1341 1412 1438 kereelcedoinek
1448 1367 1469 1406 α
1491 1365 1547 1428 seq·
1604 1406 1605 1409 ,

731 1447 854 1512 aiaiak
874 1448 971 1512 ellani
984 1450 1169 1534 panaezait.
1194 1451 1291 1514 1334.

534 1627 597 1694 Die
614 1625 700 1690 XX.
716 1623 880 1692 Ootubris.
900 1623 1063 1710 Capta:
1082 1624 1169 1711 quod
1178 1648 1237 1711 per
1247 1626 1416 1693 dominum
1424 1628 1547 1708 Ducem,

431 1734 646 1804 Consiliarios
671 1739 704 1799 et
728 1731 848 1817 Capita
873 1734 1040 1818 eligantur
1064 1742 1133 1799 tres
1160 1735 1336 1816 sapientes,
1352 1738 1409 1820 qni
1425 1736 1546 1802 videant

428 1853 461 1908 et
492 1845 679 1910 examinent
708 1842 836 1908 litteras
867 1841 1048 1908 Consulum
1077 1841 1184 1926 Segne
1214 1851 1247 1908 et
1279 1851 1505 1924 mercatorum,
1519 1851 1547 1908 et

427 1973 524 2036 super
540 1952 587 2018 eis
602 1950 779 2017 informent
795 1971 829 2015 se
855 1971 928 2016 oum
953 1951 1193 2016 mercatoribus
1218 1958 1253 2016 et
1268 1950 1352 2034 aliis,
1368 1952 1547 2035 potentibus

425 2063 507 2126 scire
523 2061 564 2126 de
581 2059 826 2128 condicionibus
851 2059 995 2143 ipsarum
1019 2060 1172 2142 partium,
1198 2067 1231 2124 et
1257 2059 1336 2124 dent
1350 2059 1448 2149 nobis
1464 2079 1547 2124 sunm

425 2167 596 2235 consilium
612 2169 646 2232 in
663 2167 794 2249 scriptis
811 2187 913 2249 usque
929 2167 972 2231 ad
988 2173 1062 2232 octo
1078 2151 1157 2245 dies,
1174 2187 1247 2230 cum
1273 2187 1337 2249 quo
1354 2168 1476 2232 erimus
1491 2167 1546 2246 nic„

426 2285 459 2342 et
474 2277 530 2342 fiet
546 2278 632 2341 siout
647 2275 820 2354 videbitur,
837 2281 871 2340 et
896 2273 1034 2357 quilibet
1058 2273 1162 2357 possit
1187 2295 1308 2357 ponere
1328 2280 1466 2358 partem.
1495 2273 1549 2340 Sa·

424 2387 572 2468 pientes:
598 2405 650 2447 ser
673 2382 796 2447 Petrus
822 2383 945 2463 Miani,
962 2405 1015 2448 ser
1030 2383 1181 2448 Marinus
1208 2381 1347 2463 Delfino,
1361 2389 1417 2448 ser
1433 2384 1546 2450 Petrus

430 2490 582 2558 Oivrano.
1604 2499 1606 2602 Ι

534 2637 569 2696 (Α
586 2637 697 2686 »misti«
711 2638 803 2686 czimtt
818 2637 959 2686 velenczei
974 2635 1202 2700 allamkdnyvbol
1221 2635 1296 2685 XVI.
1310 2635 1368 2685 hot.
1384 2639 1426 2686 84.
1437 2609 1504 2698 ¹len)
1604 2603 1606 2680 i

1005 2815 1068 2822 ..ψ-,ι-

955 3051 1029 3111 331.

418 3233 497 3296 Aac
523 3232 621 3314 νέμει
646 3228 808 3293 attractos
833 3227 1054 3314 bizottedqaak
1072 3228 1225 3311 jeleote'ae
1253 3252 1274 3291 α
1299 3229 1455 3292 veleacaes'
1477 3230 1544 3294 leor-

843 3341 1007 3424 mdnybos.
1026 3338 1122 3402 1334.
1604 3335 1606 3350 ²

524 3515 588 3581 Die
605 3515 761 3584 XXVII.
777 3511 943 3580 Ootubris.
954 3514 1263 3597 Infrascriptumest
1274 3508 1445 3578 consilium
1457 3511 1543 3578 nobi·
1604 3521 1606 3638 l

416 3624 494 3689 lium
519 3625 668 3690 uiuorum
693 3624 897 3690 dominorum
925 3624 1019 3689 Petri
1035 3621 1178 3702 (liviani,
1194 3621 1288 3688 'Petri
1305 3620 1412 3687 Miani
1429 3629 1461 3686 et
1476 3621 1544 3687 Ma·
1598 3641 1606 3711 j

417 3735 481 3799 nini
500 3733 630 3798 Delfino
646 3733 1021 3817 sapientum'electorum
1039 3752 1135 3822 super
1151 3730 1239 3796 facto
1250 3727 1368 3813 Segnia
1384 3726 1544 3813 profacto

416 3843 626 3925 grauitatnm.
639 3839 719 3907 Cum
737 3844 901 3924 sapientes
919 3839 1058 3924 predicti
1075 3839 1251 3921 diligenter
1268 3839 1409 3902 viderint
1425 3843 1460 3901 et
1477 3857 1543 3901 exa·
1605 3827 1606 3834 ἵ

413 3950 587 4015 minauerit
610 3956 677 4015 tam
701 3951 832 4016 litteras
856 3949 1001 4015 Ducales
1022 3951 1136 4014 missas
1156 3946 1339 4014 Comitibus
1365 3943 1497 4029 Duymo
1512 3951 1541 4008 et
1604 4015 1606 4036 A

412 4059 657 4140 Bartlrolomeo,
684 4057 864 4124 (inmitibus
882 4057 996 4142 Vegle,
1023 4062 1056 4121 et
1072 4055 1194 4120 Oomiti
1212 4056 1313 4139 ipsius
1330 4062 1429 4132 terre,
1447 4072 1538 4136 super

414 4167 616 4234 nouitatibus
632 4166 728 4233 sactis
748 4173 858 4232 nostro
876 4165 1013 4232 Consuli
1029 4172 1061 4230 et
1076 4162 1312 4229 mercatoribus
1342 4162 1466 4226 nostris
1479 4181 1544 4224 con·

415 4277 623 4342 uersantibus
634 4277 667 4341 in
679 4274 810 4359 Segnia,
827 4296 927 4358 quarn
945 4281 977 4340 et
993 4274 1122 4339 litteras
1141 4273 1253 4336 ultimo
1271 4271 1387 4334 missas
1398 4267 1544 4334 Dominio
1604 4313 1606 4336 .

414 4404 471 4466 per
499 4384 603 4467 ipsum
630 4381 803 4448 Consulem
830 4390 863 4447 et
889 4389 1090 4447 mercatores
1117 4401 1216 4462 super
1242 4379 1322 4462 ipsis
1348 4377 1544 4442 nouitatibns
1604 4389 1606 4432 1

414 4511 479 4554 non
505 4494 651 4570 cassatis,
676 4492 916 4572 habuerintqne
933 4489 1104 4556 eonsilium
1122 4496 1155 4552 et
1174 4487 1372 4568 colloquium
1391 4507 1464 4552 cunr
1481 4483 1542 4568 plu·
1604 4569 1606 4590 A
