3222 5240
456 381 518 445 268
812 395 1029 450 urruouarrar
1046 386 1213 448 aurdanu.

454 562 535 638 loca,
553 581 616 644 que
632 560 776 646 ipsorum
809 559 932 626 domiui
962 561 1065 626 Ducis
1097 567 1131 626 et
1155 559 1342 626 Communis
1358 557 1569 628 Vencciarom

454 667 611 751 regimine
628 665 860 750 gubernantur,
875 668 910 734 iu
926 669 1016 752 pacis
1033 674 1066 734 et
1095 674 1206 754 optate
1232 668 1353 752 qnietis
1368 667 1495 734 uinculo
1507 687 1573 758 per·

455 781 616 856 seueram,
634 775 811 860 seduloque
827 776 1033 860 congaudent
1047 776 1196 844 felicibus
1205 776 1422 858 incrementis,
1432 775 1574 860 quodque

455 883 601 972 prefatus
618 883 767 950 domiuus
781 881 860 949 Dux
876 889 910 949 et
925 880 1105 950 Commune
1129 882 1350 955 Venecisrum
1375 883 1411 950 in
1426 883 1478 950 sui
1490 887 1573 948 rocta

457 997 581 1060 statera
597 990 708 1060 iudicii
723 989 833 1056 lauces
850 1012 932 1075 equo
955 991 1127 1059 libramine
1151 992 1300 1060 manibus
1324 992 1515 1071 detinentes
1528 991 1577 1056 ius

459 1121 552 1166 suurn
568 1098 699 1166 cuilibet
724 1097 908 1180 tribuendo,
932 1099 1080 1183 dispares
1107 1098 1280 1189 pacificant
1304 1120 1390 1183 equa
1405 1097 1501 1182 libro,
1516 1119 1577 1163 om-

459 1227 535 1276 nem
550 1207 745 1272 seruientem
759 1205 945 1290 tyranidem
968 1205 1173 1290 relegantes3
1188 1212 1319 1272 matura
1350 1203 1577 1272 deliberatione

460 1312 645 1402 prehabito,
661 1312 877 1378 decreuerunt
893 1311 1026 1396 seipsos,
1057 1311 1236 1379 Ciuitatem
1252 1309 1381 1397 Spoleti
1397 1317 1433 1378 et
1449 1309 1581 1378 Comita-

460 1429 531 1486 tum
548 1426 645 1506 atque
661 1419 858 1486 Distriotum
874 1418 1030 1487 Ciuitatis
1054 1398 1181 1504 pretate
1197 1421 1400 1488 committere
1415 1419 1584 1506 protectio

361 1571 366 1578 ·
462 1531 506 1612 ni,
522 1528 672 1611 dominio,
688 1527 910 1612 gubernaculo
926 1532 961 1592 et
969 1527 1085 1594 tutelle
1095 1526 1228 1594 Domini
1237 1528 1340 1598 Ducis
1357 1535 1392 1594 et
1402 1527 1583 1598 Communis

464 1635 620 1704 Ciuitatis
636 1634 791 1719 predicte,
807 1633 953 1718 ipsisque
969 1637 1141 1702 sinceriter
1155 1635 1324 1716 iuberere;
1350 1641 1383 1701 et
1399 1636 1473 1704 ideo
1489 1634 1584 1700 dorni·

465 1765 526 1810 uus
542 1742 703 1826 Potestas,
719 1741 865 1826 Judices,
880 1740 1069 1809 Consiliarii
1083 1747 1116 1808 et
1131 1740 1309 1818 Commune
1317 1742 1461 1826 predicti
1470 1741 1587 1826 pretato

467 1849 623 1919 Ciuitatis
640 1848 770 1934 Spoleti
785 1852 820 1916 in
833 1849 947 1916 eodem
972 1849 1118 1918 Consilio
1143 1852 1362 1934 persistentes,
1375 1850 1419 1916 ob
1445 1847 1506 1915 hoo
1522 1869 1587 1932 spe

467 1960 594 2027 cialiter
610 1967 818 2044 congregato,
834 1960 1014 2026 deliberate
1044 1958 1199 2040 feomuut,
1216 1959 1461 2042 ordinaueruut,
1476 1957 1587 2025 consti·

465 2073 600 2135 tuerunt
616 2067 768 2135 ucetiam
784 2075 981 2135 creauerunt
997 2069 1084 2134 viros
1108 2067 1235 2135 nobiles
1261 2075 1294 2133 et
1319 2067 1480 2134 discretos
1495 2065 1588 2132 domi·

467 2197 526 2242 nos
541 2174 747 2242 Dominicum
777 2173 921 2241 Luohari
950 2174 1229 2242 Arcbidiaconum
1260 2172 1388 2258 Spalati
1420 2172 1587 2240 Nicolaum

469 2283 659 2368 Theodoxij,
676 2285 917 2367 snosoouoiues,
927 2288 1096 2367 presentes
1111 2284 1224 2349 ambos
1243 2288 1277 2348 et
1292 2287 1409 2367 sponte
1424 2280 1590 2365 suscipisu·

470 2399 521 2458 tes
538 2414 577 2458 ac
592 2391 775 2458 liberaliter
790 2391 1055 2475 procuratorium
1071 2388 1257 2457 huiusmodi
1273 2389 1590 2469 etmandatumsuos

470 2521 565 2565 veros
580 2499 805 2566 denominatos
820 2504 920 2583 atque
935 2498 1112 2583 legittimos
1135 2504 1376 2583 procuratores,
1407 2497 1548 2565 sindicus
1561 2499 1589 2558 et
1604 2551 1605 2554 ,

471 2606 606 2674 nuncios
622 2607 786 2690 speciales,
803 2627 860 2672 seu
875 2628 1079 2691 quocumque
1095 2604 1135 2672 de
1151 2607 1221 2672 iure
1236 2611 1375 2691 possunt
1390 2605 1521 2672 nomine
1536 2624 1591 2668 me

472 2715 537 2782 lius
552 2713 742 2798 nuncupari,
771 2714 926 2798 precipue
943 2714 1142 2781 adeundum
1173 2719 1207 2780 et
1230 2713 1391 2798 legittime
1416 2731 1593 2797 comparen-

477 2823 554 2888 dum
569 2843 682 2889 coram
697 2824 896 2906 presentiam
913 2821 1062 2888 Illustris
1088 2828 1120 2889 et
1139 2820 1309 2904 Magnifici
1318 2819 1467 2902 Domini,
1483 2817 1594 2888 domini

475 2927 589 3013 Ducis,
607 2930 873 3015 honorabilisque
889 2929 1027 2996 Consilii
1052 2935 1086 2995 et
1103 2929 1291 2996 Communis
1324 2928 1481 2996 Ciuitatis
1497 2926 1592 2995 Vene-

476 3040 606 3120 tiarum‚
621 3045 654 3105 et
669 3041 895 3123 procuratorio
912 3059 951 3104 ac
966 3037 1144 3104 sindicario
1159 3039 1289 3104 nomine
1312 3037 1438 3104 domiui
1455 3037 1605 3102 Pensa·

474 3149 526 3228 tit,
541 3147 566 3213 J
568 3145 708 3229 udioum,
726 3143 997 3212 consiliariorum
1012 3151 1111 3229 otspue
1136 3146 1280 3212 uniuersi
1305 3145 1445 3212 Consilii
1463 3151 1498 3209 et
1512 3142 1595 3210 Com·

477 3252 583 3320 munis
598 3250 737 3336 Spoleti,
751 3252 1010 3320 submittendum
1040 3251 1240 3336 sepedictam
1264 3251 1443 3320 Ciuitatem
1469 3248 1605 3344 Spalati,¹

479 3360 689 3443 Comitatum‚
705 3360 912 3428 territorium
927 3366 961 3427 et
976 3357 1175 3427 Distriotum
1190 3381 1230 3426 ac
1243 3361 1329 3426 bona
1345 3359 1492 3426 eiusdem
1507 3355 1605 3424 domi³

478 3469 543 3553 nio,
558 3467 801 3554 gubernacioni,
816 3469 1025 3553 protectioni,
1041 3467 1231 3534 deffensioni
1246 3473 1344 3552 atque
1360 3461 1605 3535 tutelledomiuis

479 3575 583 3644 Ducis
599 3583 631 3643 et
647 3577 833 3644 Communis
857 3576 1076 3646 Veueoiarum
1107 3597 1181 3642 cum
1212 3575 1326 3660 pactis,
1358 3574 1605 3654 conditionibus

479 3684 762 3765 consensionibus,
793 3682 1049 3766 obligationibus
1080 3682 1225 3748 realibus
1256 3689 1290 3749 et
1320 3681 1554 3768 personalibus,
1566 3685 1605 3744 ct

481 3792 715 3859 adiectionibus
746 3792 1001 3875 quibuscumque
1032 3811 1198 3875 penarum,
1221 3795 1320 3875 prout
1335 3789 1458 3856 eisdem
1475 3789 1605 3864 nunciis

481 3902 748 3988 procuratoribus
758 3907 791 3967 et
801 3901 935 3968 sindicis
944 3903 979 3965 iu
994 3900 1161 3984 premissis
1171 3905 1204 3966 st
1214 3898 1362 3984 quolibet
1377 3897 1605 3983 premissorum?

481 4010 645 4076 videbitur
660 4008 830 4093 expedire3
845 4009 1027 4075 tribuentes
1044 4006 1164 4072 eisdem
1181 4008 1321 4091 plenam,
1336 4027 1462 4072 meram
1488 4014 1520 4073 et
1533 4005 1595 4070 libe

483 4139 555 4184 ram
569 4122 768 4200 potestatem
783 4136 880 4200 super
910 4113 1066 4199 predictis
1091 4120 1151 4180 etc
1175 4115 1318 4180 salvis
1342 4133 1517 4197 semper
1538 4131 1595 4178 on·

484 4227 617 4294 nibus
640 4225 818 4292 iuribus
841 4230 977 4308 atque
1001 4223 1248 4290 honoribus
1282 4221 1454 4292 domini
1479 4217 1595 4301 Regis

484 4335 727 4418 Hungarie,
751 4355 814 4417 que
838 4341 906 4398 tam
922 4338 999 4399 ante
1017 4332 1117 4398 issum
1131 4337 1343 4411 contractum,
1368 4352 1468 4415 quam
1486 4330 1518 4394 in
1532 4346 1594 4410 qoa-

484 4442 566 4510 libet
581 4448 677 4527 parte
692 4441 837 4509 eiusdem
861 4447 1047 4507 conbustus
1072 4461 1112 4505 ao
1126 4439 1218 4523 prius
1234 4438 1434 4523 prelibatum
1467 4441 1604 4505 fflnlfflo'}

486 4553 556 4620 tum
565 4570 586 4616 a
594 4549 743 4637 predicta
752 4546 900 4618 Ciuitate
910 4546 1049 4635 Spoleti,
1059 4548 1194 4634 eiusque
1204 4547 1380 4628 comiato,
1394 4543 1557 4614 territorio
1566 4543 1604 4618 ctJ
