3244 5236
414 329 484 392 354
767 337 1001 388 nienonacznu
1019 329 1187 388 aurnuns.

408 502 565 587 Vngarie,
577 523 675 584 quam
686 500 789 566 Ducis
800 502 954 582 eiusdem,
964 501 1064 568 habet
1079 500 1333 567 cumhcrcdibes
1351 501 1416 564 suis
1432 498 1526 562 incias

408 612 480 675 auri
502 609 577 675 XII
593 631 727 676 annuas,
744 607 805 680 IV.
822 607 950 694 Aprilis
968 607 1010 675 V.
1026 608 1223 675 indictionis.

515 773 550 834 (Δ
578 775 660 836 ‹ch.
673 773 824 838 Angioini«
841 775 871 822 E.
885 774 952 836 Reg.
967 772 1086 826 Boberti
1101 771 1125 820 R
1139 775 1198 820 30⁴.
1214 785 1252 820 aa.
1266 771 1323 818 kiit.
1340 773 1384 818 55.
1395 769 1453 829 lea,
1466 782 1489 816 u.
1500 771 1529 826 nl

940 1170 1013 1230 351.

419 1330 533 1394 Hubert
557 1329 686 1393 sicilici
710 1329 825 1414 kil-aly
851 1331 919 1394 tnta
936 1328 1095 1414 florenczi
1121 1327 1291 1392 kercskcd'd
1317 1327 1529 1391 kdvetelc'ce'aek

646 1437 801 1520 kifizcttac
821 1439 911 1500 ircial
926 1437 1116 1502 lintizlccdik.
1133 1437 1226 1500 1337.

522 1594 689 1661 Rcbertns
714 1595 775 1661 Dei
802 1596 913 1678 gratia
932 1595 1117 1661 Jerusalem
1129 1602 1162 1660 ct
1178 1593 1290 1662 Sicilie
1307 1595 1380 1662 Rex
1397 1594 1530 1661 Riccarin

417 1701 457 1766 dc
475 1699 582 1767 Stella
598 1703 721 1786 Magne
737 1709 849 1766 nostre
866 1699 964 1767 Ourie
980 1702 1146 1784 Magistro
1163 1699 1344 1784 Rationali‚
1359 1701 1480 1786 Augelo
1494 1700 1528 1764 de

419 1807 532 1888 Mella,
543 1807 734 1875 etdohanni
746 1810 786 1875 de
803 1808 975 1875 Bernardo
991 1811 1031 1874 de
1048 1808 1187 1874 Raucllo
1205 1808 1444 1895 Thesaurarijs,
1460 1806 1534 1874 Ocu-

419 1916 564 2000 siliarijs,
580 1926 614 1982 et
629 1917 844 1985 familiaribus
860 1921 980 1984 nostris
997 1918 1139 2003 gratiam
1158 1925 1190 1983 et
1206 1918 1326 1982 bonam
1343 1918 1534 1984 voluntatem.

419 2024 594 2091 Fidelitati
630 2033 734 2092 vestre
759 2028 962 2111 precipimus,
998 2032 1158 2109 quatenus
1184 2025 1366 2090 Francisco
1392 2023 1536 2090 Johnunis

422 2132 462 2198 dc
488 2133 659 2199 Florentia
684 2133 773 2198 fideli
796 2139 907 2198 nostro
925 2133 1129 2216 subscriptas
1147 2134 1282 2216 pecunie
1299 2135 1493 2216 quantitates
1505 2133 1533 2196 in
1597 2183 1599 2196 .

422 2240 583 2306 carolcnis
609 2241 740 2324 argenti
757 2240 927 2323 sexaginta
952 2262 1011 2322 pei·
1027 2241 1137 2305 incias
1153 2241 1360 2323 computatis,
1376 2239 1496 2305 debitas
1510 2239 1533 2301 ei
1598 2277 1599 2280 =

421 2371 479 2432 per
504 2348 638 2414 Curiam
654 2354 802 2412 nostram
820 2369 881 2431 pro
898 2347 1009 2432 precio
1025 2347 1287 2433 subscriptarum
1304 2370 1411 2413 rerum
1427 2353 1533 2429 empta·
1598 2353 1599 2358 ’

421 2477 492 2518 rnm
517 2456 559 2521 ab
583 2478 621 2521 eo
646 2465 678 2521 ct
695 2457 908 2522 liberatarum
925 2463 1023 2540 prout
1050 2455 1136 2521 infra
1163 2456 1386 2539 distinguitur,
1404 2456 1442 2520 de
1469 2475 1536 2536 qua·
1598 2523 1599 2526 Ἴ

425 2583 551 2644 cunque
576 2561 681 2630 fiscali
706 2567 843 2648 pecunia
869 2564 1027 2631 existente
1044 2587 1083 2630 ac
1099 2563 1209 2630 futura
1224 2585 1282 2648 per
1298 2587 1413 2630 manns
1428 2569 1537 2628 vestras

423 2669 456 2733 in
474 2666 614 2734 Oamera
632 2677 743 2736 nostra
760 2671 888 2737 soluere
903 2679 935 2736 et
953 2671 1105 2737 exhibere
1123 2673 1253 2736 curetis.

871 2780 1114 2845 videlicet:
1597 2859 1598 2862 Ἴ

532 2885 598 2950 Pro
615 2885 726 2968 precio
752 2886 916 2969 peciarum
935 2909 992 2952 sex
1017 2889 1120 2971 panni
1147 2887 1187 2952 de
1203 2887 1280 2952 lana
1296 2887 1415 2952 coloris
1432 2883 1539 2978 viridis,
1596 2879 1598 2886 ’

424 2991 464 3058 de
490 2993 608 3076 quibus
633 2993 724 3060 sacta
741 3001 775 3059 et
787 2993 929 3061 liberata
949 3001 1025 3060 sunt
1040 2994 1172 3061 diuersa
1188 2995 1416 3078 guarnimenta
1432 2993 1534 3058 rabba·

422 3123 495 3166 rum
519 3101 563 3166 ad
588 3123 668 3184 opus
684 3108 835 3168 nostrum
852 3102 986 3169 Sanctis
1001 3103 1130 3186 Regina
1146 3104 1302 3168 corsortis
1327 3110 1437 3169 nostre
1452 3103 1537 3167 caris·
1597 3103 1598 3146 Ἰ

424 3207 759 3292 simc‚Spectabilium
775 3209 912 3277 Andree
932 3212 1047 3294 Ducis,
1063 3207 1368 3278 JohanneDueisse
1386 3209 1534 3284 Calabris,
1597 3193 1598 3198 ἵ

425 3325 459 3381 et
490 3316 598 3382 Maria
631 3320 754 3384 sororis
785 3320 866 3400 eius
890 3325 1023 3402 neptum
1040 3327 1236 3404 nostrarum,
1252 3327 1286 3384 et
1310 3319 1537 3386 domicellarun
1596 3311 1598 3380 ζ

425 3425 648 3507 quatordecim
666 3426 831 3492 dictarum
862 3433 995 3510 neptum
1029 3433 1224 3505 nostrarum,
1255 3426 1298 3492 ad
1325 3429 1480 3492 rationem
1508 3423 1539 3488 de
1596 3429 1598 3452 ³

425 3533 526 3616 vncijs
550 3540 624 3598 octo
650 3554 708 3616 pro
725 3534 872 3616 qnalibet
897 3534 1064 3616 paniarum
1088 3535 1235 3617 ipsarum
1260 3536 1452 3618 computatis
1466 3539 1539 3598 tare
1596 3571 1597 3574 =

424 3643 474 3706 nis
493 3640 654 3725 quidecim
670 3662 729 3725 pro
746 3642 952 3708 accimatuna
962 3645 1131 3726 peciarum
1145 3644 1290 3725 ipsarum
1306 3643 1397 3709 uncie
1414 3641 1538 3726 quadra·

424 3753 514 3834 ginta
533 3755 606 3815 ecto
623 3750 729 3814 tareni
745 3749 937 3833 quindecim.
1596 3837 1597 3844 ἵ

531 3857 619 3922 Item
644 3878 703 3940 pro
727 3858 837 3941 precio
865 3880 1046 3924 cannarum
1072 3855 1239 3942 qnindcim
1254 3867 1286 3925 et
1302 3858 1480 3942 palmorum
1495 3873 1540 3920 sex
1595 3847 1597 3850 ’

423 3966 523 4050 panni
550 3966 590 4031 de
616 3966 694 4031 lana
710 3965 835 4031 mellati
851 3966 891 4030 dc
909 3966 1088 4048 brussellis‚
1100 3966 1296 4032 donatarum
1313 3963 1438 4031 duabus
1455 3960 1539 4029 dcmi-

432 4075 561 4140 ellabus
588 4075 734 4158 l'ngaris
761 4075 967 4141 morantibus
996 4077 1028 4139 in
1053 4076 1209 4141 comitiua
1235 4073 1315 4139 dicti
1332 4075 1434 4140 Ducis
1463 4071 1538 4137 meie
1595 4065 1597 4140 f

424 4183 536 4248 decem
553 4190 585 4247 et
601 4183 708 4249 tareni
726 4181 913 4264 quindecim
1595 4167 1597 4176 ’

532 4398 619 4463 Item
647 4420 705 4482 pro
726 4400 835 4482 precia
856 4421 1035 4465 cannarum
1054 4399 1236 4482 quindecim
1254 4408 1286 4464 et
1304 4399 1483 4482 palmorum
1500 4411 1540 4458 seu

424 4508 526 4589 pauni
553 4506 593 4570 de
620 4507 695 4570 lana
722 4506 839 4570 coloris
858 4507 989 4588 blenati,
1011 4508 1205 4572 donatarum
1222 4507 1426 4590 lauandarijs
1442 4503 1541 4570 nostris
