3170 5234
579 313 672 378 1³20.
1120 305 1181 370 217

67 495 95 555 et
108 489 232 556 fidelem
250 513 364 559 eorum
380 494 480 557 civem
498 491 646 572 existere,
661 511 721 556 neo
738 494 855 558 contra
870 509 926 554 eos
943 485 1069 571 aliquid
1086 503 1182 570 oppe-

3 615 4 620 ’
66 601 300 683 nassczpetatis
331 605 496 684 exparte
526 604 642 666 nostra
672 620 739 678 vos,
753 597 916 682 Magister
934 593 1133 674 Guillielme‚
1148 595 1183 658 vt
1312 632 1315 640 ·

3 753 5 792 Ξ
66 705 132 770 talis
160 705 381 791 discensmniS,
397 709 424 772 si
440 727 504 791 que
520 727 620 773 causa
635 706 732 788 adsit,
747 707 892 790 apertius
902 703 1103 790 propaletur,
1118 717 1184 783 qua

67 815 194 896 cognita,
219 837 260 880 ex
290 815 383 881 nobis
398 814 547 881 volumus
582 814 840 882 satisfactionem
869 812 1014 881 deb'tam
1044 807 1184 894 operari·

3 915 5 982 i
66 919 177 1005 Quodsi
194 923 301 989 solum
316 925 350 989 in
366 945 466 990 causa
482 930 590 991 essent
598 925 851 1008 maliloquorum
868 943 969 1006 opera
978 917 1182 986 narrantium

65 1035 93 1094 et
106 1028 322 1112 scribentium,
353 1053 553 1116 quamquam
583 1030 676 1113 falso,
707 1033 841 1118 pietatis
873 1053 913 1097 ex
944 1033 1039 1114 parte
1070 1029 1183 1091 nostra

3 1147 5 1166 ’
66 1136 215 1220 similiter,
231 1145 268 1203 ut
283 1137 442 1206 falsorum
468 1141 619 1225 opinione
645 1141 777 1207 sublata
800 1142 835 1204 in
850 1139 1025 1223 pristinam
1049 1135 1184 1200 benevo-

66 1243 190 1310 lentiam
206 1245 331 1312 domini
356 1247 460 1314 Ducis
485 1255 519 1314 et
546 1245 734 1315 Communis
760 1247 977 1316 Venetiarum
1008 1240 1183 1310 secundum

3 1325 5 1452 Ξ
65 1352 184 1418 solitum
214 1354 420 1438 reducamur,
449 1378 522 1423 cum
553 1357 703 1423 tataliter
733 1355 942 1422 intendamus
973 1351 1019 1418 eis
1044 1347 1184 1414 fideliter

3 1473 5 1548 Ξ
65 1461 199 1544 amicari,
223 1463 258 1528 in
284 1465 375 1532 cuius
401 1465 545 1549 quidem>
566 1465 789 1532 testimonium
819 1459 1045 1529 benevolentis
1072 1455 1183 1523 reffor-

3 1551 5 1608 Ξ
66 1574 143 1634 mate
168 1571 316 1654 publicas
340 1573 469 1639 litteras
495 1572 618 1639 domini
642 1573 747 1640 Ducis
772 1578 805 1637 ct
820 1567 1010 1637 Communis
1025 1565 1182 1634 Venetia·

69 1697 132 1742 rum
150 1677 294 1760 pietatis,
310 1679 542 1748 confirmantes
558 1701 685 1746 omnem
711 1679 889 1746 amicitiam
914 1676 1046 1742 solitam
1062 1679 1095 1738 et
1109 1671 1184 1740 civi·

3 1843 4 1854 ,
68 1780 185 1850 litatem
188 1807 277 1870 ,qua
293 1808 352 1853 nos
368 1788 401 1852 in
418 1809 509 1855 suum
527 1789 689 1855 concivem
705 1787 864 1855 hactenus
879 1788 1079 1871 receperunt.

3 1857 6 2008 Ξ
167 1889 302 1976 Scripta
310 1892 371 1959 hec
381 1913 441 1978 per
450 1894 648 1961 Michaelem
662 1899 809 1961 nostrum
817 1891 1110 1961 Prothonotarium
1125 1888 1185 1954 sub

3 1989 5 2112 Ξ
66 2017 142 2065 anno
158 1999 293 2066 Domini
308 2000 520 2069 Modoxx
537 2001 589 2069 dic
605 2001 666 2070 VI.
682 2004 827 2069 intrante
846 2000 964 2066 mensis
979 1996 1135 2066 Januarii
1150 2000 1185 2062 et

64 2111 167 2172 nostro
181 2106 301 2191 majori
318 2109 429 2192 sigillo
444 2131 502 2194 per
519 2109 654 2176 eundem
671 2107 876 2178 communita

163 2287 225 2347 (A
213 2285 317 2351 Oopia
331 2287 364 2338 de
378 2287 620 2342 Commemorialic
644 2291 734 2342 caino
756 2288 894 2344 veleuczei
908 2283 1135 2350 illamkonyvbcl
1147 2283 1177 2334 11

64 2373 115 2425 rot.
130 2377 190 2426 109.
202 2377 265 2438 lev„
278 2393 296 2428 a
309 2377 383 2431 becsi
397 2394 432 2432 cs.
446 2381 533 2434 titkcs
552 2381 745 2438 levtlttrbsu.)

65 2933 257 3006 dvalmozei
272 2964 362 3028 capy
376 2944 559 3009 tdadoaook
579 2945 773 3099 mima
789 2963 861 3007 eaeo
875 2938 1018 3025 kboetodp
1034 2935 1183 3023 appeten

164 3185 262 3272 Quod
276 3191 510 3276 respondeatur
536 3190 579 3256 ad
604 3190 814 3258 amburatam
837 3188 958 3256 domini
973 3185 1061 3254 Bani
1077 3181 1183 3250 Mala·
1242 3251 1245 3258 ,

4 3285 151 3361 trini:
174 3292 270 3379 Quod
296 3298 412 3364 sicut
403 3320 474 3382 rpse
498 3298 600 3382 nouit,
626 3319 699 3365 eum
715 3297 860 3382 gratiose
878 3294 1060 3381 recepimus
1076 3293 1110 3358 in
1126 3312 1181 3358 no·

4 3375 6 3514 Ξ
63 3405 280 3470 strum'crucm
297 3411 331 3470 et
345 3403 509 3473 Venatum
511 3428 631 3490 ,quem
657 3407 813 3473 honorem
838 3425 855 3468 e
857 3403 1039 3487 tgratiam,
1053 3422 1117 3485 que
1133 3404 1183 3464 cst

5 3567 6 3590 Ξ
5 3505 99 3572 de
113 3511 296 3593 potioribus
313 3518 346 3578 e
332 3513 669 3595 thonorabilioribus,
685 3535 748 3597 que
773 3533 833 3597 per
849 3532 908 3576 nos
924 3508 1013 3591 fiant,
1030 3507 1092 3574 sibi
1109 3527 1181 3574 oon

5 3641 6 3702 3
61 3613 186 3683 tulimus
188 3619 436 3704 ,intelligentes
451 3621 569 3688 bonam
585 3622 794 3700 voluntatem,
811 3640 909 3704 quam
926 3613 1181 3692 demonstrabat,

5 3727 11 3786 ἵ
61 3729 90 3786 et
103 3721 260 3793 offerebat
276 3726 320 3793 ad
336 3748 395 3793 nos
410 3733 444 3794 et
459 3735 607 3794 nostrum
637 3727 824 3794 dominium.
839 3723 1015 3810 Nosque
990 3745 1035 3791 sic
1051 3741 1181 3806 speran-

5 3841 6 3876 ἑ
62 3834 107 3896 tes
126 3833 165 3898 de
180 3833 264 3917 ipso,
294 3833 514 3918 disposuimus
544 3836 586 3902 ad
616 3857 689 3902 cum
720 3835 839 3902 habere
871 3853 997 3917 semper
1028 3826 1180 3915 specialis

5 3963 6 3966 ¹
60 3942 173 4007 amoris
183 3939 344 4024 affectum,
361 3949 395 4009 ct
410 3943 472 4010 sibi
489 3944 611 4028 placita
636 3945 785 4028 operari;
801 3941 911 4009 ethos
926 3936 1135 4015 ostendimus,
1151 3934 1179 4001 si

5 4041 7 4122 ζ
59 4041 137 4111 bene
151 4046 330 4114 attenderit
361 4049 394 4114 in
425 4051 558 4133 negotio
586 4049 740 4129 Sibinici;
765 4071 841 4114 nam
872 4049 912 4114 de
928 4043 1092 4112 discordia
1107 4049 1180 4108 orta

5 4159 7 4238 ξ
60 4150 260 4240 interipsum
276 4154 488 4242 hominesque
505 4155 642 4224 Sibinici
673 4157 820 4225 misimus
835 4155 877 4220 ad
893 4155 999 4239 ipsum
1014 4151 1179 4218 dominum

5 4301 6 4304 =
59 4256 194 4344 Barium,
226 4271 260 4331 et
290 4265 334 4330 ad
365 4264 470 4331 dictos
501 4265 542 4332 de
574 4264 718 4333 Sibinioo
734 4267 838 4332 virum
869 4263 1011 4330 nobilem
1026 4258 1178 4327 Marcum

63 4364 197 4454 Victori,
216 4373 320 4439 ciuem
338 4380 372 4439 et
386 4372 516 4440 fidelem
531 4397 541 4438 r
556 4380 681 4441 ostrum
696 4375 731 4440 iu
745 4379 893 4439 nostrum
921 4367 1180 4438 Ambaxatorem

6 4523 8 4528 ·
58 4479 92 4540 ut
105 4479 191 4546 inter
216 4485 327 4566 partes
352 4483 498 4549 studeret
528 4487 673 4550 tractare
703 4487 736 4548 et
765 4501 941 4567 procurare
971 4473 1181 4547 concordiam

3 2561 6 2726 Ξ

4 2837 7 2948 Ξ
583 2783 658 2847 oro.

4 2931 10 3030 Ξ

4 3033 6 3140 Ξ

4 3143 6 3272 Ξ
