3244 5236
700 360 933 407 urrnouncznr
957 348 1125 406 nmtxnn.

873 650 946 710 392.

340 817 370 879 A
396 812 549 877 velenczei
573 808 1196 894 kormdoytondcsnakfeyyoerlcioitelt
1213 813 1372 897 tdrqyazd
1388 833 1481 896 eupe-

464 921 554 1005 cotye
573 919 694 1017 Durare
710 918 734 981 I
733 923 828 982 storia
844 919 931 982 azert
946 918 1061 1006 kirtly
1077 923 1237 984 cadmei-ro.
1256 921 1351 985 1342.

449 1078 549 1146 Anno
574 1078 710 1144 Domini
725 1073 969 1144 MOOOXLII.
986 1078 1040 1143 die
1055 1077 1173 1148 XXV.
1190 1078 1284 1145 Maii.
1309 1078 1480 1162 Capta:

343 1188 440 1274 Quod
465 1187 661 1254 concedatur
700 1184 916 1254 Serenissimo
942 1187 1072 1252 domino
1098 1186 1185 1272 Regi
1210 1185 1339 1268 Rassie,
1365 1185 1480 1270 quide

341 1298 403 1364 hoc
428 1319 488 1382 per
513 1317 588 1362 suos
614 1292 859 1362 Ambaxatores
884 1317 943 1360 nos
970 1296 1134 1362 instanter
1149 1294 1228 1361 fecit
1243 1296 1367 1378 rogari,
1383 1293 1475 1377 quod

344 1406 448 1491 possit
472 1403 600 1470 extrahi
627 1402 734 1468 iacere
754 1403 793 1468 de
811 1403 961 1473 Venetiis
979 1411 1012 1470 et
1028 1404 1164 1470 conduci
1181 1404 1225 1469 ad
1239 1409 1352 1488 partes
1367 1401 1480 1486 Regni

347 1513 405 1594 sui,
430 1514 580 1578 curaoias
607 1517 639 1576 et
665 1511 731 1576 alia
756 1533 848 1577 arma
865 1515 1050 1578 necessaria
1080 1535 1140 1598 pro
1156 1519 1288 1578 centum
1303 1510 1481 1596 equitibus

344 1627 377 1686 et
400 1620 573 1704 paucerias
585 1622 779 1702 quingentas
801 1639 875 1685 cum
893 1622 961 1686 suis
975 1621 1232 1700 fumicamentiS,
1249 1619 1402 1687 solvendo
1422 1620 1481 1684 da·

343 1731 429 1792 cium
453 1733 649 1808 consuetum,
682 1747 754 1792 cum
779 1727 974 1810 conditione,
1005 1728 1093 1812 quod
1116 1727 1268 1814 predicta
1293 1728 1480 1793 extraxisse

342 1841 495 1902 teneatur
519 1857 577 1918 per
604 1840 883 1910 totummensem
906 1834 1035 1902 Julium
1060 1836 1205 1919 proxime
1232 1841 1426 1916 secuturum,
1443 1841 1480 1900 et

344 1943 545 2010 extrahendo
572 1945 719 2008 coracias
745 1945 785 2010 de
811 1945 886 2009 hinc
902 1951 935 2010 et
950 1945 1017 2010 alia
1033 1966 1136 2024 arma,
1152 1945 1257 2029 possit
1273 1943 1323 2010 vel
1340 1943 1380 2008 de
1397 1944 1479 2008 hinc

345 2053 528 2134 extrahere,
548 2051 598 2116 vel
624 2051 756 2118 aliunde
782 2050 889 2118 faeere
914 2051 973 2117 illa
998 2052 1135 2118 conduci
1160 2052 1333 2131 venecias,
1350 2057 1382 2116 et
1399 2049 1479 2116 hinc

343 2159 523 2239 extrahere,
534 2180 607 2224 oum
632 2159 726 2225 dacio
737 2159 928 2226 Communis
938 2167 1101 2241 consueto,
1118 2160 1280 2244 possendo
1296 2165 1408 2224 tamen
1423 2179 1479 2223 us-

344 2291 407 2354 que
432 2270 476 2334 ad
500 2268 538 2334 X
563 2275 749 2334 armaturas
775 2269 815 2334 de
841 2265 938 2334 dictis
954 2263 1054 2336 armis
1071 2276 1102 2336 et
1119 2268 1196 2335 hinc
1213 2276 1246 2335 et
1262 2268 1303 2334 de
1319 2264 1445 2332 extraf
1465 2303 1478 2314 ·

344 2399 417 2444 cere
434 2378 554 2443 adduci
570 2384 603 2443 et
619 2376 678 2443 illa
694 2379 875 2458 extrahere,
891 2384 927 2443 ut
944 2385 993 2444 est
1009 2379 1131 2444 dictum
1148 2378 1189 2446 de
1205 2378 1289 2444 aliis.

424 2541 459 2601 (A
474 2541 581 2589 »misti«
601 2541 691 2590 czimii
706 2541 844 2592 velenczei
858 2541 1095 2604 rtllemkdnyvbol.
1109 2543 1163 2592 XX
1176 2542 1233 2592 luit
1249 2546 1289 2591 56.
1303 2540 1368 2599 lev.)

797 2847 813 2884 *
1011 2843 1028 2878 *

902 2895 919 2932 *

599 3126 1208 3214 ΡόΤιΕΚοΚ.

804 3344 1022 3433 mmm

527 3511 653 3597 Bolpdr
669 3514 701 3575 e's
717 3511 804 3576 azert
820 3511 964 3598 kduetedq
978 3511 1175 3577 Sicilicban.
1192 3514 1288 3576 1272.

449 3669 535 3739 Pro
558 3671 752 3737 Nicolao
776 3671 825 3736 de
849 3669 1015 3736 Sancto
1040 3667 1189 3737 Omiro
1223 3672 1381 3738 milite.

449 3779 617 3864 Scriptum
632 3786 683 3846 est
698 3779 863 3862 Magistro
879 3778 1061 3844 Portulauo
1077 3778 1202 3864 Apulie
1218 3787 1279 3845 eto.
1310 3779 1478 3848 Volumus

342 3906 373 3956 et
388 3896 444 3954 tue
460 3888 614 3954 fidelitati
629 3886 839 3971 precipiendo
869 3887 1084 3966 mandamus;
1115 3891 1277 3972 quatenus
1297 3885 1477 3955 Nicolaum

342 3998 383 4063 de
399 3997 523 4064 Sancto
539 3994 659 4062 Omero
676 3996 821 4074 militem,
836 3994 1031 4062 familiarem
1057 4001 1090 4062 et
1112 3995 1242 4062 fidelem
1257 4003 1406 4063 nostrum
1421 4018 1480 4063 ex.

340 4107 480 4184 trahere,
497 4105 537 4172 de
562 4125 755 4188 quocunque
786 4109 885 4186 portu
914 4101 1039 4188 Apulis
1055 4105 1203 4185 voluerit,
1219 4127 1279 4190 pro
1296 4128 1329 4171 se
1347 4127 1477 4189 suaque

341 4213 484 4294 familia3
500 4219 533 4278 et
548 4211 673 4278 nunciis
690 4211 874 4276 illustrium
889 4212 1104 4296 Imperatoris
1119 4211 1342 4298 Vulgarorum
1358 4221 1391 4280 et
1406 4214 1477 4280 Re·

340 4320 390 4401 gis
415 4319 531 4386 Seruie
562 4320 734 4403 sexaginta
764 4321 969 4410 equitaturas
1000 4329 1033 4386 et
1062 4321 1199 4404 triginta
1231 4322 1350 4387 salmas
1381 4321 1476 4386 ordei

340 4427 462 4510 absque
477 4429 545 4493 iure
562 4429 686 4493 exiture
703 4429 813 4511 aliquo
829 4428 931 4494 libere
947 4429 1095 4514 patiaris,
1111 4429 1242 4514 prouiso
1258 4452 1298 4496 ne
1315 4435 1475 4514 pretextu

340 4532 561 4604 concessionis
571 4535 756 4601 huiusmodi
773 4536 876 4602 maior
892 4559 950 4621 per
966 4558 1022 4604 eos
1038 4559 1195 4620 equorum
1212 4543 1245 4601 et
1260 4533 1352 4603 ordei
1370 4560 1477 4621 quau·
