3222 5240
529 375 757 439 1334-1335.
1137 377 1200 439 329

67 573 202 616 numero
233 553 460 636 predistinoto,
476 573 601 618 necnon
633 550 795 618 solutione
826 553 1011 620 huiusmodi
1028 553 1195 636 gagiorum

66 681 124 743 per
139 661 271 726 eosdem
281 660 529 742 Thesaurarios,
554 661 639 726 sicut
653 661 841 744 predicitur,
855 659 1014 745 facienda,
1038 668 1106 726 tam
1120 683 1193 745 pre·

70 767 165 833 dietis
181 768 352 852 capellano
387 775 419 834 et
445 768 546 849 sisioo,
564 789 662 850 quam
677 767 832 853 predictis
849 769 996 853 personis
1007 766 1207 852 alijsdictus

68 876 216 943 dominus
247 897 304 941 rex
334 876 404 941 vult
419 877 606 943 rationibus
623 877 784 944 dictorum
803 875 1199 944 Thesaurariorumfidem

1 1023 2 1028 κ
71 983 241 1050 indubiam
258 985 423 1065 adhibere,
439 992 540 1068 prout
555 986 590 1052 in
605 984 762 1051 mandato
778 985 849 1069 ipso
866 983 987 1050 clarius
1006 985 1207 1054 continetur.

174 1089 264 1156 Pro
288 1089 540 1174 Capeliano
564 1086 1205 1158 etOustodoSellarumdicti

5 1261 11 1286 ,
68 1197 238 1262 domini
262 1199 410 1265 Ducis.
1272 1189 1275 1194 ¹

1 1375 2 1397 2
176 1303 387 1373 Auctoritate
412 1308 513 1374 etiam
549 1308 641 1372 vuius
677 1306 813 1372 alterius
838 1306 987 1372 mandati
1019 1306 1127 1390 Regij,
1144 1306 1204 1370 eis·

1 1471 2 1475 ,
69 1413 142 1478 dem
153 1413 391 1500 Thesaurarijs
402 1415 528 1496 directi,
539 1414 600 1481 sub
615 1416 695 1481 data
703 1414 847 1498 Neapoli
864 1414 916 1480 die
932 1413 1058 1480 XXII.
1083 1413 1201 1497 Martij

69 1521 115 1586 II.
131 1543 230 1604 prox.
246 1525 403 1607 preterito
419 1524 607 1590 indictionis
624 1521 744 1608 (1334)
769 1524 876 1590 notati
901 1523 936 1587 iu
962 1523 1112 1606 predicta
1127 1544 1208 1606 pre,

71 1630 200 1696 cedenti
233 1633 362 1697 ratione
380 1632 541 1698 dictorum
557 1633 680 1698 domini
695 1631 851 1715 Ricoarij,
862 1631 1016 1714 Magistri
1033 1629 1199 1714 Raynaldi

75 1742 106 1801 et
138 1739 299 1821 Magistri
330 1738 462 1823 Angeli,
493 1739 581 1806 iacta
609 1761 669 1823 per
700 1745 805 1805 totum
835 1737 959 1805 XXII.
985 1738 1070 1804 diem
1086 1738 1206 1804 mensis

70 1843 274 1912 Nouembris
289 1847 385 1911 huius
402 1845 469 1912 HJ.
485 1847 675 1913 indictionis
691 1845 809 1932 (1335)
827 1847 866 1912 de
884 1844 1048 1914 soluendis
1056 1844 1204 1913 Roberto

71 1951 109 2017 de
126 1952 304 2018 Braccolio
315 1953 497 2038 capellano
508 1954 651 2038 Oapelle,
663 1962 698 2021 et
713 1954 890 2021 Thomasio
902 1953 1055 2038 Gaytono
1067 1953 1205 2020 Custodi

1 2131 2 2152 ἶ
70 2060 235 2141 sellarum,
250 2063 415 2128 t'renorum
431 2071 465 2128 et
488 2070 753 2148 paramentorum
779 2072 812 2130 et
835 2064 975 2130 aliarum
1005 2084 1114 2127 rerum
1132 2061 1192 2128 Ma

1 2157 2 2161 ¹
72 2173 212 2238 rescelle
229 2175 368 2258 predicti
384 2176 509 2242 domini
524 2177 628 2242 Ducis
644 2175 807 2255 Calabria,
823 2177 928 2258 gegiis
945 2197 1056 2242 eorum
1068 2171 1203 2239 statutis

72 2279 119 2343 eis
135 2301 196 2362 per
214 2281 427 2363 Majestatem
457 2281 597 2366 Regiam
613 2283 646 2347 iu
664 2279 803 2348 Camere
818 2282 936 2365 Regia,
951 2281 1098 2365 predicto
1115 2279 1202 2344 vide·

72 2384 150 2452 lieet
183 2386 365 2472 Capeliano
396 2411 416 2455 a
447 2389 498 2456 die
528 2391 644 2473 primo,
676 2398 710 2456 et
741 2387 888 2473 predicto
920 2389 1095 2454 Thomasio
1112 2411 1132 2454 a
1149 2386 1202 2452 die

77 2495 323 2575 quintodecimo
356 2497 437 2562 dicti
452 2497 571 2562 mensis
601 2496 718 2581 Martij
735 2496 782 2562 II.
799 2496 988 2563 indictionis
1018 2497 1152 2562 inantea
1167 2491 1207 2558 de

75 2623 186 2668 mense
203 2605 237 2669 in
255 2625 399 2669 mensem
431 2605 473 2668 ad
504 2606 664 2670 rationem
696 2603 736 2672 de
768 2605 890 2670 tarenis
917 2604 1032 2687 viginti
1063 2624 1126 2668 vno
1151 2623 1211 2684 pro

61 2710 166 2777 ¹dicto
185 2709 381 2795 Capellam,
397 2718 429 2776 et
445 2713 568 2777 tarenis
585 2711 768 2794 quindecim
783 2735 843 2797 pro
869 2712 1017 2797 predicto
1034 2709 1213 2775 Thomasio

76 2819 238 2899 ponderis
255 2820 417 2902 generalis
433 2841 492 2901 per
508 2842 669 2900 mensem,
686 2820 788 2887 donee
812 2819 852 2884 de
883 2801 1090 2902 beneplacito
1106 2816 1212 2898 Regio

1 3002 2 3006 Ἰ
76 2943 110 3007 μ]
127 2925 316 2991 huiusmodi
341 2925 456 3010 officijs
473 2934 577 3008 erunt,
594 2927 633 2992 de
660 2947 724 3010 quo
749 2927 825 2992 fidei
850 2926 1009 2991 (lictorum
1026 2923 1212 2989 Thesauro-

1 3032 2 3044 ³
77 3036 203 3100 riorum
220 3035 369 3100 dominus
385 3033 458 3099 Rex
481 3037 620 3116 inheret,
646 3033 685 3100 de
711 3055 850 3118 quorum
865 3034 1037 3118 gagiorum
1054 3030 1214 3098 solutione

76 3142 263 3208 rationibus
281 3143 441 3208 dictorum
459 3143 751 3210 Thesaurariorum
761 3144 885 3226 absque
901 3139 1043 3225 apodixa
1060 3141 1213 3223 ipsorum,

77 3249 164 3315 idem
198 3249 360 3315 Dominus
392 3249 465 3316 Rex
492 3253 561 3316 vsrlt
591 3252 684 3316 fidem
710 3250 875 3316 indubiam
892 3249 1050 3331 adhiberi,
1065 3252 1165 3331 prout
1180 3248 1214 3310 in

1 3387 2 3392 ¹
77 3357 241 3423 mandato
258 3359 329 3442 ipso
346 3358 465 3425 clarius
480 3362 670 3426 continetur.
1109 3413 1110 3418 ,

188 3464 275 3530 Pro
300 3464 548 3533 Guillelrno
573 3466 761 3532 dimidio
795 3464 993 3532 vallecto
1028 3461 1215 3530 Camere
1297 3465 1300 3472 '

81 3571 202 3640 dicti
228 3574 399 3639 domini
431 3565 578 3641 Ducis.

1 3737 2 3744 ,
191 3679 401 3746 Auctoritate
417 3679 516 3747 etiam
532 3686 625 3747 vnius
641 3680 779 3747 alterius
804 3681 952 3747 mandati
977 3679 1075 3764 Regij
1093 3679 1215 3743 eisdem

1 3775 3 3783 ⁸
78 3788 316 3871 Thesaurarijs
333 3789 458 3870 directi,
475 3789 535 3854 sub
552 3789 632 3854 data
648 3788 787 3873 Neapolj
815 3789 868 3854 die
893 3786 1039 3853 XXIII.
1064 3785 1148 3869 Julij
1166 3785 1215 3850 II.
1244 3873 1247 3879 Ι
1352 3835 1356 3842 .

77 3897 232 3981 proximo
248 3899 413 3980 proterite,
445 3897 536 3961 cuius
566 3904 678 3962 tenore
705 3897 826 3962 seriose
852 3901 987 3961 notatur
1017 3895 1051 3959 in
1067 3892 1217 3976 predicta

78 4003 295 4088 precendeuti
327 4005 453 4069 ratione
487 4005 649 4069 dictorum
697 4002 819 4068 domini
859 4001 1028 4085 Ricearij,
1058 3999 1215 4082 Magistri

77 4110 261 4197 Raynaldi.
278 4119 312 4175 et
328 4111 484 4194 Magistri
509 4111 639 4193 Angeli,
656 4112 746 4175 fructa
762 4133 819 4193 per
835 4117 940 4175 totum
972 4105 1096 4172 XXII.
1127 4105 1213 4172 diem
1310 4093 1314 4100 ⁸

19 4283 22 4291 .
77 4220 205 4286 mensis
222 4217 420 4285 Nouembris
437 4219 531 4284 huius
543 4219 605 4284 III.
617 4219 807 4284 indictionis
818 4215 858 4281 de
868 4215 1032 4283 soluendis
1050 4211 1214 4294 Guillemo

79 4336 154 4396 octo
172 4328 309 4394 dimidio
325 4327 458 4394 vallicto
469 4327 608 4392 Camere
626 4327 704 4393 dicti
721 4327 842 4392 domini
872 4321 976 4388 Ducis
993 4322 1097 4407 gagijs
1114 4321 1180 4388 suis
1196 4343 1217 4386 a

77 4437 130 4501 die
141 4438 252 4521 primo
269 4438 388 4501 niensis
397 4437 491 4521 Junij
504 4435 589 4501 dicte
600 4435 646 4502 Π.
659 4435 845 4500 iudiotionis
857 4435 991 4497 iuautea
1003 4431 1042 4495 de
1054 4453 1163 4495 rnonse
1182 4431 1216 4496 in

78 4564 226 4610 inensem
244 4544 287 4610 ad
310 4547 471 4610 rationem
497 4544 536 4609 de
554 4545 678 4609 tarenis
696 4543 865 4608 duodecim
881 4539 1036 4628 ponderis
1053 4536 1216 4626 generalis
