3170 5234
759 363 992 410 onnonucznr
1009 349 1176 410 amsans.

914 654 987 715 250.

413 813 528 878 Istviin
545 812 729 878 sclavonici
753 812 886 876 basemat-
910 811 1065 876 cc'dlevele
1090 835 1112 874 a
1132 812 1285 877 ccleaczci
1302 813 1482 877 kereolcedlilc

819 924 982 984 azcimdra.
1001 919 1095 984 1310.

505 1080 700 1165 Exemplum
714 1080 898 1145 litterarum
914 1078 1047 1144 Domini
1064 1079 1096 1144 S.
1112 1078 1199 1143 Bani
1230 1081 1331 1145 totuis
1349 1078 1506 1145 Sclavcnie

401 1209 471 1256 cum
482 1209 542 1252 suc
560 1187 666 1268 sigillo
684 1187 724 1252 de
740 1208 816 1252 cera
832 1187 927 1251 viridi
947 1187 1112 1271 impresso.

504 1295 786 1360 Excellentissimo
817 1295 946 1359 domino
977 1294 1106 1360 Illustri
1122 1295 1209 1360 Duci
1225 1295 1436 1373 Venetorum,
1450 1294 1507 1358 Do·

394 1404 482 1468 mino
500 1409 532 1466 et
546 1404 649 1467 amico
666 1423 723 1466 suc
739 1402 773 1465 in
790 1401 937 1466 omnibus
969 1402 1157 1466 honorando
1190 1402 1378 1486 Stephanus
1407 1401 1506 1465 Banus

396 1510 498 1574 totius
515 1507 689 1574 Sclauonie
705 1510 745 1573 de
763 1507 960 1588 Stenuizual‚
985 1509 1230 1575 ,nclinationcm
1246 1532 1319 1575 cum
1335 1511 1419 1576 omni
1434 1529 1507 1572 reve·

399 1617 506 1682 rentia
524 1615 703 1682 ethonore.
736 1615 776 1680 In
807 1616 995 1680 memoriam
1025 1614 1147 1683 Vestre
1178 1617 1419 1683 Dominationis
1443 1614 1508 1679 velit

397 1725 564 1812 reducere,
581 1729 668 1810 quod
685 1729 865 1811 aliquando
881 1727 1009 1791 anobis
1025 1726 1253 1810 postulabatis
1268 1733 1307 1791 ut
1323 1731 1508 1791 mercatores

399 1838 500 1901 vestri
530 1837 570 1902 de
588 1837 737 1904 Venetiis
754 1858 813 1920 per
828 1841 936 1900 terras
962 1840 1091 1898 nostras
1118 1841 1151 1898 et
1174 1840 1320 1899 nostram
1341 1832 1507 1918 potentiam

398 1942 502 2008 libere
518 1951 651 2026 possent
668 1966 739 2008 cum
757 1945 823 2008 suis
840 1942 1059 2006 mercimoniis
1086 1941 1263 2007 ambulare.
1280 1939 1380 2008 Vnde
1396 1939 1508 2005 noueri-

396 2052 449 2135 tir,
466 2050 552 2133 quod
569 2052 596 2116 si
611 2052 740 2118 eosdem
765 2053 808 2115 ad
831 2057 960 2118 nostras
985 2054 1094 2132 partes
1119 2048 1228 2114 venire
1254 2070 1325 2114 cum
1341 2049 1437 2113 rebus
1451 2045 1507 2112 suis

399 2159 644 2240 permisseritis,
670 2158 792 2223 nullum
809 2156 977 2222 habebunt
1001 2177 1163 2230 rumorem
1188 2157 1222 2220 in
1238 2155 1301 2220 hac
1325 2161 1427 2238 parte,
1442 2153 1508 2235 quin

399 2268 464 2330 imc
481 2267 523 2332 ab
540 2266 686 2332 omnibus
703 2267 875 2330 molestare
899 2264 1080 2329 volentibus
1105 2262 1233 2328 eosdem
1265 2270 1467 2346 protegamus
1480 2264 1508 2322 et

401 2373 628 2454 defendemus;
646 2374 721 2438 etsi
736 2374 800 2437 huc
816 2373 924 2437 venire
941 2372 1112 2454 voluerint,
1127 2392 1188 2435 nos
1213 2393 1342 2435 omnem
1367 2368 1508 2434 securita-

402 2486 470 2544 tem
485 2479 607 2559 damus,
624 2484 723 2563 prout
741 2485 897 2544 tenemur.

509 2641 544 2700 (A
560 2641 662 2704 »Copia
676 2641 709 2689 de
723 2640 965 2691 commemoriali«
989 2639 1079 2688 ezimll
1100 2637 1239 2688 velenczei
1259 2635 1481 2702 allamkdnyvbtl
1491 2633 1510 2681 1.

405 2733 462 2780 koc.
481 2735 539 2780 369.
554 2733 615 2792 lem,
629 2747 645 2780 a
657 2731 730 2782 btcsi
744 2746 781 2780 cs.
794 2731 882 2779 titkos
898 2729 1093 2790 levaturum.)

882 2909 1043 2919 --——--

926 3127 999 3192 251.

331 3325 334 3332 ¹
404 3286 467 3355 Pal
484 3289 662 3355 dalmatiai
687 3291 749 3353 oon
773 3289 884 3356 Jodro
910 3293 1017 3353 coroa
1044 3282 1178 3373 ujdnlja
1206 3310 1227 3349 a
1253 3287 1344 3372 popa
1359 3279 1510 3373 porlfopd-

863 3398 951 3461 adda.
971 3398 1063 3460 1311.

512 3553 710 3639 Exemplum
726 3557 835 3622 littore
851 3555 938 3621 Boni
954 3553 1051 3619 Pauli
1067 3555 1163 3620 misse
1179 3553 1311 3617 domino
1326 3550 1459 3635 Pape'in
1473 3548 1510 3614 la·

402 3677 511 3728 sorem
526 3663 551 3727 J
551 3665 742 3729 adrensium.

508 3769 723 3836 Sanctissimc
747 3772 781 3833 in
807 3768 942 3834 Christo
967 3769 1055 3852 patri
1072 3776 1106 3834 et
1130 3767 1261 3834 domino
1286 3765 1427 3832 Domino
1450 3760 1509 3826 Ole-
1573 3851 1574 3858 ἵ

400 3879 500 3943 menti
516 3872 636 3942 Divina
652 3877 857 3960 providentia
868 3876 1086 3944 sacrosancte
1102 3875 1252 3940 Romane
1268 3875 1416 3940 Ecclesia
1433 3871 1509 3938 Sum·

404 4004 457 4049 mo
475 4006 515 4050 ac
530 3983 718 4053 Vniuersali
734 3983 898 4066 Pontifici,
910 3984 1040 4049 domino
1057 4004 1115 4048 suo
1140 3983 1317 4064 plurimum
1332 3977 1511 4053 reverendo;

403 4091 527 4157 Paulus
542 4091 657 4157 Banus
676 4090 871 4157 Orcatomm
887 4096 920 4156 et
944 4089 1103 4156 Dominus
1128 4087 1239 4156 Bosns
1265 4089 1385 4172 pedum
1415 4082 1509 4153 oscula

403 4200 575 4266 beatorum
591 4220 664 4265 cum
680 4199 937 4282 promptitudine
954 4197 1123 4264 serviendi.
1143 4194 1230 4280 Quia
1245 4217 1310 4261 non
1331 4197 1388 4278 qui
1402 4195 1509 4276 inceps·
1573 4185 1574 4224 ³

402 4307 453 4386 rit,
469 4307 526 4372 sed
542 4307 599 4389 qui
614 4307 874 4391 perseuerarerit
898 4306 1019 4388 recipit
1042 4305 1204 4388 brauium,
1229 4323 1269 4368 ac
1294 4303 1379 4368 illud
1407 4294 1506 4385 princi·
1572 4285 1574 4336 2

401 4411 491 4492 pium
507 4419 558 4476 est
573 4411 782 4496 laudandum,
808 4413 894 4498 quod
918 4413 981 4478 fine
1006 4414 1172 4479 clauditur
1195 4411 1345 4492 meliori;
1360 4403 1509 4475 idcirccin

406 4517 576 4584 deuotione
595 4518 705 4586 debita
719 4541 917 4605 permanere,
933 4526 967 4586 et
994 4541 1066 4586 cum
1091 4525 1244 4604 prompta
1269 4539 1308 4586 ac
1322 4515 1412 4583 fideli
1426 4507 1508 4581 conti·
