3234 5238
638 297 734 378 itti.
1206 301 1246 374 51

116 489 246 556 Boemie
262 491 385 554 amicus
401 487 507 552 nostri
523 487 684 552 carissimi
709 487 819 568 Reges
835 486 995 568 illustres,
1013 509 1111 573 super
1127 489 1248 554 discor-

117 599 188 684 dijs,
203 619 268 680 qne
284 599 372 663 inter
387 597 475 680 ipsos
491 599 671 675 vertuntur,
697 594 990 661 condescendentes
1014 595 1058 660 ad
1078 615 1201 680 pacem,
1217 601 1250 660 et

116 708 156 774 ad
173 708 234 774 hoc
250 712 375 772 certum
390 705 497 769 locum
514 708 548 768 et
573 703 746 768 terminum
775 708 966 780 statuentes,
993 725 1054 767 nos
1081 709 1250 784 rogassent

116 839 173 902 per
188 817 322 882 nuntios
339 821 372 879 ct
387 813 520 878 lieteras
537 811 708 896 speciales,
724 816 758 876 rt
782 833 843 897 pro
869 811 1034 876 soliditate
1060 813 1164 895 ipsius
1189 833 1247 895 pa-

117 928 172 1006 cis,
187 925 323 1005 einsque
341 929 502 1007 perpetua
516 920 673 984 firmitate
698 919 854 1004 predictis
874 920 946 984 loeo
972 925 1006 983 ct
1030 920 1170 983 termino
1195 931 1249 994 vel

117 1055 176 1098 nos
192 1030 412 1116 personaliter
428 1030 594 1108 interesse,
610 1026 662 1092 vel
676 1026 806 1108 aliquos
822 1027 862 1091 de
879 1032 989 1092 nostro
1017 1025 1162 1091 Consilio
1191 1025 1245 1087 dc-

122 1144 272 1210 beremus
291 1140 335 1206 ad
358 1136 636 1204 confirmationem
653 1136 744 1220 pacis
760 1135 944 1200 huiusmodi
969 1132 1152 1199 destinare:
1177 1133 1248 1199 Nos

121 1253 176 1336 qui
193 1251 362 1330 rtriusque
377 1247 481 1330 Regis
498 1250 624 1310 statum
640 1243 811 1328 pacificum
831 1250 866 1308 et
881 1240 1099 1324 tranquillum
1124 1243 1249 1306 cunctis

118 1358 290 1442 desiderijs
306 1354 505 1434 affectamus,
522 1352 596 1436 alijs
620 1352 748 1436 magnis
765 1357 797 1416 et
813 1351 925 1416 arduis
945 1350 1064 1414 intenti
1096 1350 1248 1433 negotijs,

117 1467 149 1532 in
165 1466 323 1552 predictis
340 1463 411 1528 loco
428 1467 462 1526 et
478 1459 616 1526 termino
638 1461 796 1524 iuteresse
811 1457 1031 1542 personaliter
1047 1458 1248 1544 nequientes‚

116 1583 150 1642 et
163 1576 313 1642 nolentes
330 1571 392 1657 ipsi
407 1570 479 1654 paci
506 1573 681 1653 propterea
706 1565 846 1650 aliquod,
872 1563 960 1648 quod
984 1562 1081 1646 absit,
1105 1563 1248 1647 preludi-

117 1686 201 1749 cinm
218 1680 379 1768 generari,
395 1677 444 1741 rel
460 1677 565 1760 ipsam
581 1674 643 1738 hac
658 1673 827 1739 occasione
843 1691 973 1754 quoquo
990 1669 1085 1734 modo
1102 1667 1248 1749 differri3

117 1793 156 1858 de
165 1788 376 1878 prouidentia
385 1793 419 1850 et
427 1783 587 1850 fidelitate
598 1780 829 1848 venerabilium
840 1785 971 1863 patrum
981 1778 1018 1843 F.
1026 1776 1248 1858 Tragonensis

117 1909 149 1967 et
180 1901 219 1966 P.
251 1894 521 1981 Capudaqnensis
540 1893 780 1974 Episcoporum
820 1885 1101 1967 consiliariorum,
1128 1907 1166 1950 ac
1192 1905 1248 1949 no·

118 2011 193 2076 bilis
209 2009 272 2076 viri
290 2002 449 2070 Guidonis
466 2001 506 2065 de
521 1996 621 2068 Valle
638 1997 826 2076 Gringnosa
842 1993 967 2075 militis,
984 1992 1194 2058 familiarium
1211 1997 1244 2055 et

118 2117 262 2182 fidelium
279 2119 475 2188 nostrorum,
495 2104 626 2192 plenam
654 2102 696 2168 ab
722 2107 855 2186 experto
882 2099 1034 2168 fiduciam
1051 2101 1247 2183 obtinentes,

121 2227 207 2308 ipsos
223 2222 296 2286 loeo
314 2219 418 2285 nostri
435 2216 478 2281 ad
496 2233 610 2298 paoem
636 2210 820 2295 predictam
848 2207 1031 2272 faciendam
1058 2213 1091 2270 et
1117 2206 1248 2272 firman-

121 2335 195 2402 dam
223 2332 370 2398 duximus
403 2323 592 2409 specialiter
624 2313 846 2385 destinandos.
875 2314 1002 2380 Dantes
1034 2313 1164 2396 eisdem,
1196 2310 1245 2379 vel

123 2440 249 2508 duobus
263 2459 303 2505 ex
319 2436 374 2520 eis,
388 2435 415 2500 si
432 2433 568 2499 tertium
585 2429 698 2494 abesse
715 2425 901 2509 contigerit,
917 2423 1046 2508 plenam
1057 2429 1091 2488 et
1107 2421 1246 2487 liberam

122 2559 231 2614 tenore
247 2543 446 2630 presentium
472 2543 668 2624 potestatem
694 2532 871 2614 tractandi,
896 2525 1111 2616 promictendi
1137 2535 1171 2594 et
1194 2524 1248 2594 fir·

123 2656 233 2723 mandi
251 2656 283 2719 in
301 2675 382 2738 pace
398 2652 480 2735 ipsa,
497 2645 652 2732 quioquid
668 2661 728 2708 nos
754 2646 910 2722 tractare,
934 2638 1129 2722 promictare
1146 2641 1180 2699 et
1194 2635 1248 2700 fir·

123 2786 211 2831 mare
226 2781 407 2847 possemus,
423 2759 450 2824 si
476 2752 693 2842 personaliter
719 2747 924 2826 adessemus3
950 2767 989 2810 ac
1015 2742 1248 2829 promictentes

124 2895 180 2938 nos
195 2871 256 2938 sub
272 2869 435 2955 ypotheca
450 2866 609 2932 bonorum
625 2866 814 2925 nostrorum
830 2860 939 2920 ratum
956 2854 1128 2919 habituros
1144 2858 1178 2916 et
1193 2849 1248 2914 fir·

125 3001 218 3059 mum,
234 2976 391 3063 quicquid
406 2996 464 3058 per
488 2973 662 3058 predictos,
684 2966 733 3031 vel
760 2964 840 3028 duos
856 2983 895 3027 ex
911 2961 968 3044 eis,
994 2961 1021 3024 si
1045 2979 1155 3024 omncs
1180 2963 1249 3022 tres

126 3088 331 3171 nequiuerint
349 3085 516 3163 interesse,
548 3079 736 3154 tractatum,
767 3069 961 3153 promissum
992 3086 1049 3130 seu
1079 3063 1247 3128 firmatum

125 3195 269 3260 fueritin
287 3190 463 3277 premissis.
478 3187 519 3251 In
536 3186 629 3251 cuius
645 3181 693 3247 rei
718 3178 941 3244 testimonium
966 3177 1135 3258 presentes
1159 3168 1250 3237 licte-

126 3323 178 3366 ras
192 3309 323 3368 nostras
338 3299 421 3382 fieri,
435 3303 470 3362 et
485 3293 595 3378 sigillo
612 3285 800 3356 Maiestatis
826 3283 950 3350 Nostra
977 3279 1128 3345 iussimus
1159 3298 1245 3342 com·

127 3410 252 3474 muniri.
267 3405 393 3471 Datum
410 3400 556 3483 Viterbij
574 3394 737 3464 XXIIII.
754 3389 958 3474 Septembris
983 3387 1025 3456 V.
1051 3385 1248 3450 indictionis.

128 3625 170 3678 bol
228 3553 265 3673 (Al
279 3549 422 3684 ‘Regis)tri
435 3547 584 3612 taginini«
600 3545 632 3596 U.
647 3541 742 3606 vagyis
757 3542 799 3588 25.
823 3552 858 3586 sz.
882 3536 951 3605 Reg.
976 3533 1073 3584 Karoli
1096 3532 1117 3580 Ι.
1141 3529 1249 3580 littete-

183 3630 241 3676 213.
269 3640 291 3688 .;
312 3639 338 3672 u.
352 3637 376 3672 ο.
1259 3610 1263 3620 ·
