3234 5238
656 385 751 446 1269.
1220 383 1257 444 21

133 559 233 640 ipsam
258 558 365 624 eidem
391 559 546 642 Philippo
574 559 745 640 assignare
771 557 928 624 haetenus
954 580 1016 622 non
1044 559 1183 636 curasti3
1209 563 1261 622 set

131 663 235 746 potius
253 685 313 746 per
330 663 464 729 listerus
479 672 553 730 tuas
569 665 707 748 clauses,
733 685 815 746 quos
840 669 897 732 tno
924 665 1031 748 sigillo
1046 664 1190 728 munitas
1207 683 1258 728 eo·

130 792 197 834 ram
212 769 308 835 nobis
324 771 358 834 in
373 769 481 855 Regia
506 771 608 836 Oui-ia
634 772 855 854 presentouit,
870 772 1029 855 rogauisti
1062 768 1207 846 eundem,
1225 776 1258 834 vt

129 877 186 942 tibi
202 876 340 942 eandem
356 877 533 960 pecuniam,
560 899 657 960 quani
684 878 746 943 sibi
773 879 944 944 restituere
977 876 1167 962 promisisti,
1198 899 1260 960 pro

130 983 316 1050 huiusmodi
348 985 478 1068 negotio
494 990 662 1050 mutuaret
697 984 808 1068 Quare
833 984 983 1070 prefatus
1000 984 1153 1068 Philipus
1169 985 1261 1052 nobis

125 1091 297 1157 humiliter
325 1092 510 1176 supliesuit,
526 1099 561 1156 vt
576 1113 648 1156 oum
665 1093 733 1176 ipse
758 1091 941 1177 predictam
966 1094 1187 1175 quantitatem
1204 1113 1257 1175 pe·

129 1196 232 1276 eunio,
249 1195 290 1262 do
308 1197 494 1264 huiusmodi
510 1200 724 1283 promissione
749 1205 806 1264 tun
832 1199 980 1280 confisus,
997 1221 1057 1280 pre
1074 1199 1189 1264 eodem
1204 1219 1258 1262 ne-

126 1303 214 1386 gotio
247 1304 288 1370 de
319 1324 378 1370 suo
395 1304 562 1389 persoluit,
588 1307 694 1388 ipsam
725 1305 786 1372 sibi
819 1306 993 1372 restituere
1016 1307 1256 1370 manderemus.

19 1424 22 1435 '
125 1410 273 1495 Ideoque
290 1411 354 1478 tibi
370 1417 428 1476 ote.
444 1418 604 1495 quatenus
622 1412 742 1493 statim,
768 1433 802 1477 re
819 1412 950 1495 publiea
966 1412 1199 1478 nonobstante
1217 1410 1257 1476 de
1365 1421 1367 1428 ⁴

22 1588 28 1612 2
126 1525 273 1602 tempore
304 1519 370 1584 ium
402 1519 521 1604 elapso,
547 1523 580 1583 et
606 1520 693 1601 quod
719 1521 854 1602 negotia
893 1519 1043 1602 predicto
1067 1516 1167 1583 Curis
1192 1517 1258 1582 sint

18 1678 24 1689 .
125 1633 278 1710 peraets;
310 1647 349 1692 eo
376 1626 463 1709 quod
495 1627 603 1692 dietus
630 1625 802 1711 Philippus
819 1628 1032 1711 promissione
1063 1627 1255 1692 litterarum

126 1737 258 1799 tuorum
273 1731 496 1818 predictarum
528 1733 702 1815 confidens,
718 1733 790 1818 ipsa
807 1735 848 1800 de
863 1735 995 1818 proprio
1012 1735 1122 1798 extitit
1139 1753 1253 1798 execu-

127 1845 187 1922 tus,
202 1838 396 1907 mandstum
412 1841 594 1926 predictum
619 1841 761 1926 Regium
778 1844 818 1906 de
835 1843 972 1924 pecunia
988 1843 1143 1926 ponderis
1161 1863 1255 1924 gene-

23 1932 30 1940 ’
126 1949 205 2014 ralis
221 1948 444 2015 subuentionis
469 1951 603 2014 maioris
630 1971 685 2015 seu
716 1949 932 2016 heiulationis
949 1949 1096 2032 Lucerie
1114 1955 1173 2015 aut
1190 1949 1254 2014 col·

18 2139 22 2147 .
127 2056 207 2122 loote
221 2058 372 2140 proximo
388 2056 582 2141 imponendo
597 2056 630 2121 in
646 2054 671 2119 J
672 2057 876 2122 ustitieriatu
891 2060 948 2122 tuo
965 2059 1034 2122 siue
1051 2058 1255 2139 quibuscum·

126 2185 185 2246 que
198 2164 346 2250 peounijs
374 2162 473 2229 Curio
497 2169 556 2230 eto.
581 2164 649 2229 sine
675 2161 871 2231 difficultate
896 2163 1021 2229 ratione
1054 2164 1201 2247 qualibet
1216 2163 1250 2226 in

128 2269 274 2336 omnibus
292 2272 325 2335 et
339 2292 399 2354 per
415 2272 525 2336 omnis
540 2273 722 2354 exequaris,
746 2273 901 2338 mandato
921 2271 1033 2352 aliquo
1048 2270 1112 2337 tibi
1127 2270 1252 2334 directo
1292 2297 1311 2338 ο

127 2375 224 2440 rolin
240 2383 408 2460 posterum
424 2377 595 2462 dirigendo
621 2383 681 2443 eto.
698 2377 904 2461 Recepturus
921 2385 980 2444 eto.

232 2517 420 2587 (AsBogistri
435 2521 585 2588 Augioini‹
601 2523 632 2571 B.
649 2525 688 2571 10.
715 2536 751 2574 uz.
778 2523 845 2586 Beg.
872 2523 971 2574 Koroli
997 2523 1018 2572 Ι.
1045 2521 1188 2573 kdtetebdl
1219 2525 1251 2574 10

77 2673 80 2680 ι
128 2607 186 2672 lou,
200 2623 226 2660 u.
241 2611 279 2674 ο.)

611 2737 770 2746 muna——

665 2940 715 3000 18.

125 3064 301 3151 LKciroly
315 3063 442 3129 siciliae·
466 3064 577 3148 kirdty
601 3063 706 3126 tudtul
733 3063 816 3148 adju
843 3063 883 3127 X.
900 3063 1039 3150 Goryeiy
1059 3069 1251 3164 po‘pdoalos

128 3173 263 3259 dieto'lep
289 3197 311 3236 a
337 3173 529 3236 bibernolrok
554 3170 823 3256 coliepiumdnuk,
854 3173 935 3258 kopp
966 3173 1079 3237 Istvdu
1110 3197 1251 3262 mapyar

13 3280 16 3283 ’
68 3305 77 3312 ·
126 3279 307 3368 kiretylyat
333 3279 513 3365 sriioetsdpet
539 3280 644 3360 iuditii,
660 3278 805 3363 melyneic
829 3280 1061 3362 insperserunt
1087 3304 1108 3344 a
1139 3281 1249 3346 romei

513 3386 661 3450 knridto'l
677 3385 759 3449 ice'ri.
776 3385 869 3449 1269.
1087 3397 1089 3402 ’

231 3563 518 3630 Reuerendissimo
535 3569 568 3628 et
585 3560 797 3628 sanctissimo
813 3563 847 3624 in
862 3557 995 3626 Christo
1013 3563 1101 3644 petri
1118 3560 1250 3628 domino

128 3671 226 3756 Papo,
240 3672 310 3737 sine
325 3671 360 3736 in
375 3670 529 3754 presenti,
545 3677 578 3735 et
593 3670 741 3737 omnibus
766 3667 909 3734 Summis
935 3667 1151 3734 Pontificibus
1167 3668 1252 3735 intu-

130 3779 183 3862 ris,
198 3783 233 3844 ot
249 3776 352 3846 Sauro
369 3779 466 3846 Oetui
483 3775 718 3844 cardinalium.

157 3931 158 3934 κ
232 3883 379 3951 Knrolus
395 3891 454 3950 eto.
480 3884 622 3968 seipsum
647 3884 689 3948 ed
716 3882 815 3966 pedes
841 3881 966 3949 Summi
992 3882 1162 3948 Pontifieis
1179 3903 1252 3947 eum

127 3993 211 4058 omni
227 3992 413 4058 reuerentia
436 3999 470 4058 et
495 3992 626 4070 honore,
642 3997 677 4056 et
691 3990 831 4055 dominis
863 3988 1097 4056 Cardinnlibus
1113 3989 1252 4054 salutem

127 4105 158 4166 et
187 4099 312 4166 sineere
343 4099 528 4166 dilectionis
560 4098 721 4166 affectum.
752 4098 817 4164 Per
849 4097 907 4163 has
933 4101 1085 4181 patentes
1118 4094 1252 4161 listerus

126 4205 301 4274 sanctitati
318 4206 440 4277 Vestro
455 4205 592 4274 iacimus
609 4207 826 4287 manifestum,
842 4204 930 4289 quod
946 4203 987 4270 sd
1005 4203 1161 4270 honorem
1177 4202 1253 4290 Dei,

127 4324 156 4381 ot
172 4315 294 4382 Sancte
310 4315 458 4382 Romane
483 4315 640 4396 Ecclesie,
665 4321 698 4380 et
722 4316 823 4380 totius
854 4313 931 4378 fidei
947 4333 1047 4394 sacre,
1065 4309 1201 4377 fecimus
1217 4317 1252 4378 ot

130 4421 216 4490 sueto
230 4421 429 4490 intendimus
462 4423 673 4488 matrimonia
689 4429 722 4488 et
737 4423 803 4487 alia
819 4427 910 4488 oertn
924 4426 1022 4505 poeta
1037 4441 1110 4486 oum
1122 4418 1256 4505 Magniss

128 4529 185 4597 fioo
201 4529 354 4614 Principe
371 4529 504 4597 domino
521 4529 689 4616 Stephano
715 4530 843 4594 Illustri
868 4529 960 4612 Rege
988 4527 1143 4612 Vngarie,
1160 4527 1253 4594 Duos
