<?xml version="1.0" encoding="UTF-8"?>
<!DOCTYPE html PUBLIC "-//W3C//DTD XHTML 1.0 Transitional//EN"
    "http://www.w3.org/TR/xhtml1/DTD/xhtml1-transitional.dtd">
<html xmlns="http://www.w3.org/1999/xhtml" xml:lang="en" lang="en">
 <head>
  <title>
</title>
<meta http-equiv="Content-Type" content="text/html;charset=utf-8" />
  <meta name='ocr-system' content='tesseract 3.04.00' />
  <meta name='ocr-capabilities' content='ocr_page ocr_carea ocr_par ocr_line ocrx_word'/>
</head>
<body>
  <div class='ocr_page' id='page_1' title='image "./magyardiplomacz02wenzgoog_0263.png"; bbox 0 0 3170 5234; ppageno 0'>
   <div class='ocr_carea' id='block_1_1' title="bbox 634 416 1247 490">
    <p class='ocr_par' dir='ltr' id='par_1_1' title="bbox 634 416 1247 490">
     <span class='ocr_line' id='line_1_1' title="bbox 634 416 1247 490; baseline 0.01 -10"><span class='ocrx_word' id='word_1_1' title='bbox 634 416 729 482; x_wconf 79' lang='lat'>1323.</span> <span class='ocrx_word' id='word_1_2' title='bbox 1184 425 1247 490; x_wconf 70' lang='lat'>227</span> 
     </span>
    </p>
   </div>
   <div class='ocr_carea' id='block_1_2' title="bbox 120 582 1251 682">
    <p class='ocr_par' dir='ltr' id='par_1_2' title="bbox 120 582 1251 682">
     <span class='ocr_line' id='line_1_2' title="bbox 120 582 1251 682; baseline 0.014 -32"><span class='ocrx_word' id='word_1_3' title='bbox 120 582 269 653; x_wconf 87' lang='lat' dir='ltr'>ferendas</span> <span class='ocrx_word' id='word_1_4' title='bbox 286 585 406 656; x_wconf 86' lang='lat' dir='ltr'>abinde</span> <span class='ocrx_word' id='word_1_5' title='bbox 423 612 481 674; x_wconf 90' lang='lat' dir='ltr'>per</span> <span class='ocrx_word' id='word_1_6' title='bbox 498 615 587 659; x_wconf 88' lang='lat' dir='ltr'>mare</span> <span class='ocrx_word' id='word_1_7' title='bbox 605 601 697 660; x_wconf 81' lang='lat' dir='ltr'>extra</span> <span class='ocrx_word' id='word_1_8' title='bbox 708 595 861 679; x_wconf 79' lang='lat' dir='ltr'>Regnum</span> <span class='ocrx_word' id='word_1_9' title='bbox 878 619 948 662; x_wconf 91' lang='lat' dir='ltr'>cum</span> <span class='ocrx_word' id='word_1_10' title='bbox 965 603 1160 682; x_wconf 80' lang='lat' dir='ltr'>competenti</span> <span class='ocrx_word' id='word_1_11' title='bbox 1173 623 1251 666; x_wconf 75' lang='lat' dir='ltr'>vase</span> 
     </span>
    </p>
   </div>
   <div class='ocr_carea' id='block_1_3' title="bbox 119 694 1249 785">
    <p class='ocr_par' dir='ltr' id='par_1_3' title="bbox 119 694 1249 785">
     <span class='ocr_line' id='line_1_3' title="bbox 119 694 1249 785; baseline 0.017 -27"><span class='ocrx_word' id='word_1_12' title='bbox 119 694 159 759; x_wconf 91' lang='lat' dir='ltr'>ad</span> <span class='ocrx_word' id='word_1_13' title='bbox 174 702 298 761; x_wconf 86' lang='lat' dir='ltr'>terram</span> <span class='ocrx_word' id='word_1_14' title='bbox 325 695 454 781; x_wconf 84' lang='lat' dir='ltr'>Spalati</span> <span class='ocrx_word' id='word_1_15' title='bbox 479 698 519 764; x_wconf 91' lang='lat' dir='ltr'>da</span> <span class='ocrx_word' id='word_1_16' title='bbox 545 703 717 784; x_wconf 88' lang='lat' dir='ltr'>prouincia</span> <span class='ocrx_word' id='word_1_17' title='bbox 749 702 933 785; x_wconf 82' lang='lat' dir='ltr'>Sclauonie,</span> <span class='ocrx_word' id='word_1_18' title='bbox 960 727 999 771; x_wconf 89' lang='lat' dir='ltr'>ac</span> <span class='ocrx_word' id='word_1_19' title='bbox 1024 710 1249 777; x_wconf 84' lang='lat' dir='ltr'>exonerandas</span> 
     </span>
    </p>
   </div>
   <div class='ocr_carea' id='block_1_4' title="bbox 1 803 1248 1002">
    <p class='ocr_par' dir='ltr' id='par_1_4' title="bbox 1 803 1248 1002">
     <span class='ocr_line' id='line_1_4' title="bbox 1 803 1248 901; baseline 0.014 -36"><span class='ocrx_word' id='word_1_20' title='bbox 1 813 2 822; x_wconf 64' lang='lat'><em>²</em></span> <span class='ocrx_word' id='word_1_21' title='bbox 118 803 239 868; x_wconf 83' lang='lat' dir='ltr'>ibidem</span> <span class='ocrx_word' id='word_1_22' title='bbox 253 825 314 888; x_wconf 90' lang='lat' dir='ltr'>pro</span> <span class='ocrx_word' id='word_1_23' title='bbox 346 806 524 872; x_wconf 85' lang='lat' dir='ltr'>munitione</span> <span class='ocrx_word' id='word_1_24' title='bbox 554 809 657 891; x_wconf 91' lang='lat' dir='ltr'>ipsius</span> <span class='ocrx_word' id='word_1_25' title='bbox 688 815 784 890; x_wconf 86' lang='lat' dir='ltr'>terre,</span> <span class='ocrx_word' id='word_1_26' title='bbox 816 812 917 878; x_wconf 89' lang='lat' dir='ltr'>libere</span> <span class='ocrx_word' id='word_1_27' title='bbox 944 814 1104 895; x_wconf 83' lang='lat' dir='ltr'>siquidem</span> <span class='ocrx_word' id='word_1_28' title='bbox 1131 837 1151 881; x_wconf 87' lang='lat' dir='ltr'>a</span> <span class='ocrx_word' id='word_1_29' title='bbox 1174 817 1248 901; x_wconf 88' lang='lat' dir='ltr'>jure</span> 
     </span>
     <span class='ocr_line' id='line_1_5' title="bbox 1 910 1248 1002; baseline 0.014 -30"><span class='ocrx_word' id='word_1_30' title='bbox 1 954 2 962; x_wconf 50' lang='lat'>,</span> <span class='ocrx_word' id='word_1_31' title='bbox 119 910 264 992; x_wconf 88' lang='lat' dir='ltr'>quolibet</span> <span class='ocrx_word' id='word_1_32' title='bbox 279 919 339 978; x_wconf 88' lang='lat' dir='ltr'>etc.</span> <span class='ocrx_word' id='word_1_33' title='bbox 355 913 478 999; x_wconf 83' lang='lat' dir='ltr'>absque</span> <span class='ocrx_word' id='word_1_34' title='bbox 494 916 753 982; x_wconf 81' lang='lat' dir='ltr'>contradictione</span> <span class='ocrx_word' id='word_1_35' title='bbox 769 919 881 1001; x_wconf 88' lang='lat' dir='ltr'>aliqua</span> <span class='ocrx_word' id='word_1_36' title='bbox 891 920 1094 1002; x_wconf 87' lang='lat' dir='ltr'>permictatis</span> <span class='ocrx_word' id='word_1_37' title='bbox 1111 928 1170 987; x_wconf 85' lang='lat' dir='ltr'>etc.</span> <span class='ocrx_word' id='word_1_38' title='bbox 1188 929 1248 989; x_wconf 90' lang='lat' dir='ltr'>etc.</span> 
     </span>
    </p>
   </div>
   <div class='ocr_carea' id='block_1_5' title="bbox 118 1015 1056 1107">
    <p class='ocr_par' dir='ltr' id='par_1_5' title="bbox 1 986 1056 1126">
     <span class='ocr_line' id='line_1_6' title="bbox 118 1015 1056 1107; baseline 0.017 -31.004"><span class='ocrx_word' id='word_1_39' title='bbox 118 1017 170 1082; x_wconf 83' lang='lat' dir='ltr'>m</span> <span class='ocrx_word' id='word_1_40' title='bbox 186 1015 597 1090; x_wconf 61' lang='lat' dir='ltr'>cccoxxrvoxxn.</span> <span class='ocrx_word' id='word_1_41' title='bbox 615 1025 745 1107; x_wconf 74' lang='lat' dir='ltr'>npnns</span> <span class='ocrx_word' id='word_1_42' title='bbox 764 1025 844 1094; x_wconf 87' lang='lat' dir='ltr'>vn.</span> <span class='ocrx_word' id='word_1_43' title='bbox 861 1027 1056 1094; x_wconf 79' lang='lat' dir='ltr'>indictionis.</span> 
     </span>
    </p>
   </div>
   <div class='ocr_carea' id='block_1_6' title="bbox 110 1181 1246 1256">
    <p class='ocr_par' dir='ltr' id='par_1_6' title="bbox 110 1181 1246 1256">
     <span class='ocr_line' id='line_1_7' title="bbox 110 1181 1246 1256; baseline 0.013 -27"><span class='ocrx_word' id='word_1_44' title='bbox 110 1187 113 1192; x_wconf 90' lang='lat'>&#39;</span> <span class='ocrx_word' id='word_1_45' title='bbox 223 1181 259 1242; x_wconf 83' lang='grc' dir='ltr'>(Α</span> <span class='ocrx_word' id='word_1_46' title='bbox 272 1181 355 1248; x_wconf 63' lang='lat' dir='ltr'>meg.</span> <span class='ocrx_word' id='word_1_47' title='bbox 369 1184 520 1250; x_wconf 77' lang='lat' dir='ltr'>Angioini«</span> <span class='ocrx_word' id='word_1_48' title='bbox 534 1185 561 1236; x_wconf 85' lang='lat'>0.</span> <span class='ocrx_word' id='word_1_49' title='bbox 574 1189 633 1235; x_wconf 80' lang='lat'>251.</span> <span class='ocrx_word' id='word_1_50' title='bbox 648 1200 684 1237; x_wconf 79' lang='lat' dir='ltr'>sa.</span> <span class='ocrx_word' id='word_1_51' title='bbox 696 1187 764 1252; x_wconf 81' lang='lat' dir='ltr'>Reg.</span> <span class='ocrx_word' id='word_1_52' title='bbox 776 1189 875 1240; x_wconf 83' lang='lat' dir='ltr'>Karoli</span> <span class='ocrx_word' id='word_1_53' title='bbox 885 1190 1006 1240; x_wconf 83' lang='lat' dir='ltr'>Illustrir</span> <span class='ocrx_word' id='word_1_54' title='bbox 1016 1190 1102 1242; x_wconf 71' lang='lat' dir='ltr'>libret.</span> <span class='ocrx_word' id='word_1_55' title='bbox 1119 1195 1169 1242; x_wconf 83' lang='lat'>180</span> <span class='ocrx_word' id='word_1_56' title='bbox 1182 1194 1246 1256; x_wconf 81' lang='lat' dir='ltr'>lav.)</span> 
     </span>
    </p>
   </div>
   <div class='ocr_carea' id='block_1_7' title="bbox 604 1363 753 1375">
    <p class='ocr_par' dir='ltr' id='par_1_7' title="bbox 604 1363 753 1375">
     <span class='ocr_line' id='line_1_8' title="bbox 604 1363 753 1375; baseline 0.02 -3"><span class='ocrx_word' id='word_1_57' title='bbox 604 1363 753 1375; x_wconf 58' lang='lat'><strong>———--.-</strong></span> 
     </span>
    </p>
   </div>
   <div class='ocr_carea' id='block_1_8' title="bbox 642 1603 716 1664">
    <p class='ocr_par' dir='ltr' id='par_1_8' title="bbox 642 1603 716 1664">
     <span class='ocr_line' id='line_1_9' title="bbox 642 1603 716 1664; baseline 0.014 -2"><span class='ocrx_word' id='word_1_58' title='bbox 642 1603 716 1664; x_wconf 76' lang='grc'><strong>285.</strong></span> 
     </span>
    </p>
   </div>
   <div class='ocr_carea' id='block_1_9' title="bbox 1 1742 1245 1844">
    <p class='ocr_par' dir='ltr' id='par_1_9' title="bbox 1 1742 1245 1844">
     <span class='ocr_line' id='line_1_10' title="bbox 1 1742 1245 1844; baseline 0.004 -37"><span class='ocrx_word' id='word_1_59' title='bbox 1 1789 2 1844; x_wconf 55' lang='lat'>3</span> <span class='ocrx_word' id='word_1_60' title='bbox 118 1742 266 1808; x_wconf 82' lang='lat' dir='ltr'>Sebenico</span> <span class='ocrx_word' id='word_1_61' title='bbox 281 1744 448 1809; x_wconf 81' lang='lat' dir='ltr'>odroeaak</span> <span class='ocrx_word' id='word_1_62' title='bbox 466 1746 617 1831; x_wconf 79' lang='lat' dir='ltr'>viezonya</span> <span class='ocrx_word' id='word_1_63' title='bbox 635 1769 655 1808; x_wconf 90' lang='lat' dir='ltr'>a</span> <span class='ocrx_word' id='word_1_64' title='bbox 673 1746 855 1810; x_wconf 83' lang='lat' dir='ltr'>dalmatiai</span> <span class='ocrx_word' id='word_1_65' title='bbox 887 1747 919 1810; x_wconf 75' lang='lat' dir='ltr'>ds</span> <span class='ocrx_word' id='word_1_66' title='bbox 943 1747 1058 1812; x_wconf 82' lang='lat' dir='ltr'>borvdt</span> <span class='ocrx_word' id='word_1_67' title='bbox 1083 1749 1245 1814; x_wconf 79' lang='lat' dir='ltr'>ddookboz</span> 
     </span>
    </p>
   </div>
   <div class='ocr_carea' id='block_1_10' title="bbox 631 1838 724 1900">
    <p class='ocr_par' dir='ltr' id='par_1_10' title="bbox 631 1838 724 1900">
     <span class='ocr_line' id='line_1_11' title="bbox 631 1838 724 1900; baseline 0 -2"><span class='ocrx_word' id='word_1_68' title='bbox 631 1838 724 1900; x_wconf 82' lang='lat'><em>1324.</em></span> 
     </span>
    </p>
   </div>
   <div class='ocr_carea' id='block_1_11' title="bbox 116 1992 1246 2295">
    <p class='ocr_par' dir='ltr' id='par_1_11' title="bbox 116 1992 1246 2295">
     <span class='ocr_line' id='line_1_12' title="bbox 225 1992 1246 2081; baseline 0.003 -19"><span class='ocrx_word' id='word_1_69' title='bbox 225 1993 394 2062; x_wconf 79' lang='lat' dir='ltr'>Sententia</span> <span class='ocrx_word' id='word_1_70' title='bbox 410 1993 546 2060; x_wconf 90' lang='lat' dir='ltr'>Ducalis</span> <span class='ocrx_word' id='word_1_71' title='bbox 571 1993 721 2060; x_wconf 89' lang='lat' dir='ltr'>Dominii</span> <span class='ocrx_word' id='word_1_72' title='bbox 746 1997 831 2060; x_wconf 90' lang='lat' dir='ltr'>inter</span> <span class='ocrx_word' id='word_1_73' title='bbox 864 1992 1121 2081; x_wconf 85' lang='lat' dir='ltr'>Si(beni)censes</span> <span class='ocrx_word' id='word_1_74' title='bbox 1138 2005 1171 2064; x_wconf 88' lang='lat' dir='ltr'>et</span> <span class='ocrx_word' id='word_1_75' title='bbox 1186 1997 1246 2064; x_wconf 81' lang='lat' dir='ltr'>Ja-</span> 
     </span>
     <span class='ocr_line' id='line_1_13' title="bbox 116 2101 664 2166; baseline 0 0"><span class='ocrx_word' id='word_1_76' title='bbox 116 2101 249 2166; x_wconf 86' lang='lat' dir='ltr'>drenses</span> <span class='ocrx_word' id='word_1_77' title='bbox 266 2101 299 2165; x_wconf 92' lang='lat' dir='ltr'>in</span> <span class='ocrx_word' id='word_1_78' title='bbox 316 2102 457 2166; x_wconf 87' lang='lat' dir='ltr'>materia</span> <span class='ocrx_word' id='word_1_79' title='bbox 473 2101 664 2166; x_wconf 89' lang='lat' dir='ltr'>insularum.</span> 
     </span>
     <span class='ocr_line' id='line_1_14' title="bbox 224 2205 1246 2295; baseline 0.004 -23"><span class='ocrx_word' id='word_1_80' title='bbox 224 2209 266 2272; x_wconf 91' lang='lat' dir='ltr'>In</span> <span class='ocrx_word' id='word_1_81' title='bbox 282 2205 408 2273; x_wconf 80' lang='lat' dir='ltr'>Christi</span> <span class='ocrx_word' id='word_1_82' title='bbox 440 2210 568 2274; x_wconf 89' lang='lat' dir='ltr'>nomine</span> <span class='ocrx_word' id='word_1_83' title='bbox 600 2209 716 2274; x_wconf 83' lang='lat' dir='ltr'>Amen.</span> <span class='ocrx_word' id='word_1_84' title='bbox 742 2209 830 2274; x_wconf 89' lang='lat' dir='ltr'>Dum</span> <span class='ocrx_word' id='word_1_85' title='bbox 856 2209 908 2275; x_wconf 89' lang='lat' dir='ltr'>die</span> <span class='ocrx_word' id='word_1_86' title='bbox 934 2209 1146 2294; x_wconf 84' lang='lat' dir='ltr'>infrascripta</span> <span class='ocrx_word' id='word_1_87' title='bbox 1171 2219 1246 2295; x_wconf 90' lang='lat' dir='ltr'>post</span> 
     </span>
    </p>
   </div>
   <div class='ocr_carea' id='block_1_12' title="bbox 1 2316 1248 3262">
    <p class='ocr_par' dir='ltr' id='par_1_12' title="bbox 1 2316 1248 3262">
     <span class='ocr_line' id='line_1_15' title="bbox 1 2316 1248 2406; baseline 0.004 -25"><span class='ocrx_word' id='word_1_88' title='bbox 1 2349 2 2406; x_wconf 55' lang='grc' dir='ltr'>γ</span> <span class='ocrx_word' id='word_1_89' title='bbox 115 2317 288 2382; x_wconf 90' lang='lat' dir='ltr'>missarum</span> <span class='ocrx_word' id='word_1_90' title='bbox 306 2316 464 2381; x_wconf 91' lang='lat' dir='ltr'>solemnia</span> <span class='ocrx_word' id='word_1_91' title='bbox 479 2322 513 2382; x_wconf 88' lang='lat' dir='ltr'>et</span> <span class='ocrx_word' id='word_1_92' title='bbox 529 2323 605 2382; x_wconf 88' lang='lat' dir='ltr'>ante</span> <span class='ocrx_word' id='word_1_93' title='bbox 623 2319 766 2396; x_wconf 86' lang='lat' dir='ltr'>tertiam,</span> <span class='ocrx_word' id='word_1_94' title='bbox 783 2316 980 2398; x_wconf 83' lang='lat' dir='ltr'>Magnificus</span> <span class='ocrx_word' id='word_1_95' title='bbox 1013 2317 1175 2385; x_wconf 90' lang='lat' dir='ltr'>Dominus</span> <span class='ocrx_word' id='word_1_96' title='bbox 1191 2320 1248 2386; x_wconf 90' lang='lat' dir='ltr'>do·</span> 
     </span>
     <span class='ocr_line' id='line_1_16' title="bbox 1 2411 1246 2508; baseline 0.002 -18"><span class='ocrx_word' id='word_1_97' title='bbox 1 2411 2 2492; x_wconf 82' lang='lat' dir='ltr'>l</span> <span class='ocrx_word' id='word_1_98' title='bbox 113 2427 222 2490; x_wconf 90' lang='lat' dir='ltr'>minus</span> <span class='ocrx_word' id='word_1_99' title='bbox 238 2423 410 2492; x_wconf 86' lang='lat' dir='ltr'>Johannes</span> <span class='ocrx_word' id='word_1_100' title='bbox 426 2421 643 2506; x_wconf 83' lang='lat' dir='ltr'>Superantius</span> <span class='ocrx_word' id='word_1_101' title='bbox 667 2425 731 2490; x_wconf 92' lang='lat' dir='ltr'>Dei</span> <span class='ocrx_word' id='word_1_102' title='bbox 756 2426 866 2508; x_wconf 84' lang='lat' dir='ltr'>gratia</span> <span class='ocrx_word' id='word_1_103' title='bbox 891 2426 1024 2490; x_wconf 90' lang='lat' dir='ltr'>inclitus</span> <span class='ocrx_word' id='word_1_104' title='bbox 1041 2425 1119 2491; x_wconf 85' lang='lat' dir='ltr'>Dux</span> <span class='ocrx_word' id='word_1_105' title='bbox 1142 2425 1246 2494; x_wconf 86' lang='lat' dir='ltr'>Vene-</span> 
     </span>
     <span class='ocr_line' id='line_1_17' title="bbox 1 2513 1246 2616; baseline 0.003 -22"><span class='ocrx_word' id='word_1_106' title='bbox 1 2513 2 2594; x_wconf 76' lang='lat' dir='ltr'>i</span> <span class='ocrx_word' id='word_1_107' title='bbox 121 2534 244 2597; x_wconf 86' lang='lat' dir='ltr'>tiarum</span> <span class='ocrx_word' id='word_1_108' title='bbox 261 2530 321 2598; x_wconf 89' lang='lat' dir='ltr'>stb.</span> <span class='ocrx_word' id='word_1_109' title='bbox 339 2553 411 2596; x_wconf 90' lang='lat' dir='ltr'>cum</span> <span class='ocrx_word' id='word_1_110' title='bbox 429 2531 495 2598; x_wconf 87' lang='lat' dir='ltr'>suis</span> <span class='ocrx_word' id='word_1_111' title='bbox 512 2529 717 2597; x_wconf 87' lang='lat' dir='ltr'>Consiliariis</span> <span class='ocrx_word' id='word_1_112' title='bbox 733 2553 793 2616; x_wconf 89' lang='lat' dir='ltr'>pro</span> <span class='ocrx_word' id='word_1_113' title='bbox 820 2533 979 2599; x_wconf 87' lang='lat' dir='ltr'>tribunali</span> <span class='ocrx_word' id='word_1_114' title='bbox 1005 2533 1193 2600; x_wconf 88' lang='lat' dir='ltr'>solemniter</span> <span class='ocrx_word' id='word_1_115' title='bbox 1210 2555 1246 2598; x_wconf 92' lang='lat' dir='ltr'>re</span> 
     </span>
     <span class='ocr_line' id='line_1_18' title="bbox 1 2638 1246 2726; baseline -0.001 -20"><span class='ocrx_word' id='word_1_116' title='bbox 1 2672 2 2687; x_wconf 27' lang='grc' dir='ltr'><strong>κ</strong></span> <span class='ocrx_word' id='word_1_117' title='bbox 114 2642 237 2707; x_wconf 89' lang='lat' dir='ltr'>sideret</span> <span class='ocrx_word' id='word_1_118' title='bbox 253 2640 316 2706; x_wconf 87' lang='lat' dir='ltr'>stb.</span> <span class='ocrx_word' id='word_1_119' title='bbox 342 2638 517 2723; x_wconf 80' lang='lat' dir='ltr'>(Sebenico</span> <span class='ocrx_word' id='word_1_120' title='bbox 543 2646 637 2704; x_wconf 80' lang='lat' dir='ltr'>varos</span> <span class='ocrx_word' id='word_1_121' title='bbox 653 2639 789 2724; x_wconf 82' lang='lat' dir='ltr'>k&#39;dzsege</span> <span class='ocrx_word' id='word_1_122' title='bbox 814 2641 1026 2708; x_wconf 73' lang='lat' dir='ltr'>keresetanelr</span> <span class='ocrx_word' id='word_1_123' title='bbox 1061 2642 1246 2726; x_wconf 78' lang='lat' dir='ltr'>targyaban</span> 
     </span>
     <span class='ocr_line' id='line_1_19' title="bbox 1 2743 1247 2836; baseline -0.004 -19"><span class='ocrx_word' id='word_1_124' title='bbox 1 2745 3 2825; x_wconf 71' lang='grc' dir='ltr'><strong><em>ἶ</em></strong></span> <span class='ocrx_word' id='word_1_125' title='bbox 113 2752 200 2836; x_wconf 85' lang='lat' dir='ltr'>mely</span> <span class='ocrx_word' id='word_1_126' title='bbox 217 2747 353 2833; x_wconf 81' lang='lat' dir='ltr'>saerint)</span> <span class='ocrx_word' id='word_1_127' title='bbox 370 2746 428 2812; x_wconf 93' lang='lat' dir='ltr'>illa</span> <span class='ocrx_word' id='word_1_128' title='bbox 445 2743 574 2811; x_wconf 88' lang='lat' dir='ltr'>Ciuitas</span> <span class='ocrx_word' id='word_1_129' title='bbox 605 2753 639 2812; x_wconf 89' lang='lat' dir='ltr'>et</span> <span class='ocrx_word' id='word_1_130' title='bbox 665 2744 843 2814; x_wconf 79' lang='lat' dir='ltr'>Commune</span> <span class='ocrx_word' id='word_1_131' title='bbox 875 2751 961 2815; x_wconf 88' lang='lat' dir='ltr'>dicte</span> <span class='ocrx_word' id='word_1_132' title='bbox 978 2747 1137 2814; x_wconf 89' lang='lat' dir='ltr'>Ciuitatis</span> <span class='ocrx_word' id='word_1_133' title='bbox 1154 2747 1247 2816; x_wconf 83' lang='lat' dir='ltr'>Sibe-</span> 
     </span>
     <span class='ocr_line' id='line_1_20' title="bbox 1 2854 1247 2952; baseline -0.002 -29"><span class='ocrx_word' id='word_1_134' title='bbox 1 2857 3 2952; x_wconf 51' lang='lat' dir='ltr'>i</span> <span class='ocrx_word' id='word_1_135' title='bbox 115 2859 182 2924; x_wconf 90' lang='lat' dir='ltr'>nici</span> <span class='ocrx_word' id='word_1_136' title='bbox 199 2858 265 2922; x_wconf 89' lang='lat' dir='ltr'>iam</span> <span class='ocrx_word' id='word_1_137' title='bbox 281 2877 301 2920; x_wconf 89' lang='lat' dir='ltr'>a</span> <span class='ocrx_word' id='word_1_138' title='bbox 317 2856 415 2938; x_wconf 82' lang='lat' dir='ltr'>longo</span> <span class='ocrx_word' id='word_1_139' title='bbox 431 2859 578 2936; x_wconf 89' lang='lat' dir='ltr'>tempore</span> <span class='ocrx_word' id='word_1_140' title='bbox 595 2854 706 2938; x_wconf 90' lang='lat' dir='ltr'>elapso</span> <span class='ocrx_word' id='word_1_141' title='bbox 732 2856 815 2922; x_wconf 87' lang='lat' dir='ltr'>citra</span> <span class='ocrx_word' id='word_1_142' title='bbox 830 2854 893 2921; x_wconf 84' lang='lat' dir='ltr'>fuit</span> <span class='ocrx_word' id='word_1_143' title='bbox 908 2859 968 2922; x_wconf 92' lang='lat' dir='ltr'>sub</span> <span class='ocrx_word' id='word_1_144' title='bbox 985 2856 1127 2940; x_wconf 90' lang='lat' dir='ltr'>pessima</span> <span class='ocrx_word' id='word_1_145' title='bbox 1143 2858 1247 2921; x_wconf 89' lang='lat' dir='ltr'>tiran-</span> 
     </span>
     <span class='ocr_line' id='line_1_21' title="bbox 1 2961 1247 3046; baseline -0.002 -14"><span class='ocrx_word' id='word_1_146' title='bbox 1 2993 2 3032; x_wconf 84' lang='lat'>1</span> <span class='ocrx_word' id='word_1_147' title='bbox 113 2968 172 3032; x_wconf 91' lang='lat' dir='ltr'>nia</span> <span class='ocrx_word' id='word_1_148' title='bbox 188 2971 223 3031; x_wconf 86' lang='lat' dir='ltr'>et</span> <span class='ocrx_word' id='word_1_149' title='bbox 238 2963 439 3030; x_wconf 81' lang='lat' dir='ltr'>subiectione</span> <span class='ocrx_word' id='word_1_150' title='bbox 474 2961 643 3026; x_wconf 88' lang='lat' dir='ltr'>Banorum</span> <span class='ocrx_word' id='word_1_151' title='bbox 668 2962 746 3028; x_wconf 91' lang='lat' dir='ltr'>olim</span> <span class='ocrx_word' id='word_1_152' title='bbox 781 2962 878 3028; x_wconf 92' lang='lat' dir='ltr'>Pauli</span> <span class='ocrx_word' id='word_1_153' title='bbox 896 2971 929 3028; x_wconf 84' lang='lat' dir='ltr'>et</span> <span class='ocrx_word' id='word_1_154' title='bbox 945 2963 1097 3046; x_wconf 86' lang='lat' dir='ltr'>Mladini,</span> <span class='ocrx_word' id='word_1_155' title='bbox 1113 2970 1247 3046; x_wconf 91' lang='lat' dir='ltr'>propter</span> 
     </span>
     <span class='ocr_line' id='line_1_22' title="bbox 1 3068 1246 3158; baseline 0.003 -26"><span class='ocrx_word' id='word_1_156' title='bbox 1 3115 2 3132; x_wconf 54' lang='lat'>,</span> <span class='ocrx_word' id='word_1_157' title='bbox 112 3096 215 3158; x_wconf 87' lang='lat' dir='ltr'>quam</span> <span class='ocrx_word' id='word_1_158' title='bbox 229 3073 288 3154; x_wconf 94' lang='lat' dir='ltr'>illi,</span> <span class='ocrx_word' id='word_1_159' title='bbox 304 3071 360 3154; x_wconf 93' lang='lat' dir='ltr'>qui</span> <span class='ocrx_word' id='word_1_160' title='bbox 376 3069 522 3152; x_wconf 80' lang='lat' dir='ltr'>linguam</span> <span class='ocrx_word' id='word_1_161' title='bbox 538 3068 704 3135; x_wconf 89' lang='lat' dir='ltr'>habebant</span> <span class='ocrx_word' id='word_1_162' title='bbox 731 3071 765 3135; x_wconf 92' lang='lat' dir='ltr'>in</span> <span class='ocrx_word' id='word_1_163' title='bbox 792 3070 906 3136; x_wconf 90' lang='lat' dir='ltr'>eadem</span> <span class='ocrx_word' id='word_1_164' title='bbox 923 3071 1076 3154; x_wconf 83' lang='lat' dir='ltr'>Ciuitate,</span> <span class='ocrx_word' id='word_1_165' title='bbox 1092 3072 1163 3137; x_wconf 89' lang='lat' dir='ltr'>ausi</span> <span class='ocrx_word' id='word_1_166' title='bbox 1180 3092 1246 3136; x_wconf 88' lang='lat' dir='ltr'>non</span> 
     </span>
     <span class='ocr_line' id='line_1_23' title="bbox 1 3177 1246 3262; baseline -0.003 -14"><span class='ocrx_word' id='word_1_167' title='bbox 1 3233 2 3240; x_wconf 50' lang='lat'>,</span> <span class='ocrx_word' id='word_1_168' title='bbox 112 3189 208 3248; x_wconf 88' lang='lat' dir='ltr'>erant</span> <span class='ocrx_word' id='word_1_169' title='bbox 232 3180 324 3262; x_wconf 94' lang='lat' dir='ltr'>loqui</span> <span class='ocrx_word' id='word_1_170' title='bbox 340 3179 374 3243; x_wconf 92' lang='lat' dir='ltr'>in</span> <span class='ocrx_word' id='word_1_171' title='bbox 390 3177 503 3260; x_wconf 88' lang='lat' dir='ltr'>aliqua</span> <span class='ocrx_word' id='word_1_172' title='bbox 519 3177 671 3256; x_wconf 72' lang='lat' dir='ltr'>utilitate,</span> <span class='ocrx_word' id='word_1_173' title='bbox 695 3199 752 3243; x_wconf 87' lang='lat' dir='ltr'>seu</span> <span class='ocrx_word' id='word_1_174' title='bbox 778 3177 822 3243; x_wconf 92' lang='lat' dir='ltr'>ad</span> <span class='ocrx_word' id='word_1_175' title='bbox 838 3179 972 3262; x_wconf 89' lang='lat' dir='ltr'>aliquod</span> <span class='ocrx_word' id='word_1_176' title='bbox 989 3179 1111 3244; x_wconf 92' lang='lat' dir='ltr'>bonum</span> <span class='ocrx_word' id='word_1_177' title='bbox 1130 3186 1164 3246; x_wconf 91' lang='lat' dir='ltr'>et</span> <span class='ocrx_word' id='word_1_178' title='bbox 1181 3183 1246 3244; x_wconf 89' lang='lat' dir='ltr'>sta·</span> 
     </span>
    </p>
   </div>
   <div class='ocr_carea' id='block_1_13' title="bbox 1 3285 1246 3914">
    <p class='ocr_par' dir='ltr' id='par_1_13' title="bbox 1 3285 1246 3914">
     <span class='ocr_line' id='line_1_24' title="bbox 110 3285 1246 3370; baseline -0.005 -14"><span class='ocrx_word' id='word_1_179' title='bbox 110 3297 182 3356; x_wconf 93' lang='lat' dir='ltr'>tum</span> <span class='ocrx_word' id='word_1_180' title='bbox 199 3287 352 3354; x_wconf 88' lang='lat' dir='ltr'>Ciuitatis</span> <span class='ocrx_word' id='word_1_181' title='bbox 367 3285 520 3370; x_wconf 88' lang='lat' dir='ltr'>predicte,</span> <span class='ocrx_word' id='word_1_182' title='bbox 534 3307 572 3350; x_wconf 94' lang='lat' dir='ltr'>ne</span> <span class='ocrx_word' id='word_1_183' title='bbox 588 3287 822 3367; x_wconf 86' lang='lat' dir='ltr'>presumebant</span> <span class='ocrx_word' id='word_1_184' title='bbox 836 3285 944 3350; x_wconf 88' lang='lat' dir='ltr'>facere</span> <span class='ocrx_word' id='word_1_185' title='bbox 969 3294 1063 3351; x_wconf 86' lang='lat' dir='ltr'>extra</span> <span class='ocrx_word' id='word_1_186' title='bbox 1079 3307 1113 3352; x_wconf 88' lang='lat' dir='ltr'>se</span> <span class='ocrx_word' id='word_1_187' title='bbox 1131 3291 1246 3351; x_wconf 87' lang='lat' dir='ltr'>contra</span> 
     </span>
     <span class='ocr_line' id='line_1_25' title="bbox 1 3390 1246 3474; baseline -0.002 -14"><span class='ocrx_word' id='word_1_188' title='bbox 1 3409 2 3414; x_wconf 75' lang='grc'>’</span> <span class='ocrx_word' id='word_1_189' title='bbox 110 3400 314 3465; x_wconf 84' lang='lat' dir='ltr'>voluntatem</span> <span class='ocrx_word' id='word_1_190' title='bbox 339 3396 543 3459; x_wconf 86' lang='lat' dir='ltr'>tirannorum</span> <span class='ocrx_word' id='word_1_191' title='bbox 569 3392 808 3474; x_wconf 75' lang='lat' dir='ltr'>predictorum,</span> <span class='ocrx_word' id='word_1_192' title='bbox 836 3399 869 3457; x_wconf 91' lang='lat' dir='ltr'>et</span> <span class='ocrx_word' id='word_1_193' title='bbox 894 3393 941 3458; x_wconf 90' lang='lat' dir='ltr'>sic</span> <span class='ocrx_word' id='word_1_194' title='bbox 958 3390 1086 3458; x_wconf 88' lang='lat' dir='ltr'>Ciuitas</span> <span class='ocrx_word' id='word_1_195' title='bbox 1104 3393 1163 3458; x_wconf 90' lang='lat' dir='ltr'>illa</span> <span class='ocrx_word' id='word_1_196' title='bbox 1183 3393 1246 3458; x_wconf 86' lang='lat' dir='ltr'>fuit</span> 
     </span>
     <span class='ocr_line' id='line_1_26' title="bbox 1 3487 1246 3586; baseline -0.007 -14"><span class='ocrx_word' id='word_1_197' title='bbox 1 3487 2 3496; x_wconf 8' lang='grc' dir='ltr'>ἵ</span> <span class='ocrx_word' id='word_1_198' title='bbox 109 3508 265 3572; x_wconf 85' lang='lat' dir='ltr'>continue</span> <span class='ocrx_word' id='word_1_199' title='bbox 282 3505 315 3568; x_wconf 91' lang='lat' dir='ltr'>in</span> <span class='ocrx_word' id='word_1_200' title='bbox 339 3503 480 3586; x_wconf 91' lang='lat' dir='ltr'>pessimo</span> <span class='ocrx_word' id='word_1_201' title='bbox 506 3507 614 3581; x_wconf 84' lang='lat' dir='ltr'>statu,</span> <span class='ocrx_word' id='word_1_202' title='bbox 641 3505 675 3566; x_wconf 91' lang='lat' dir='ltr'>et</span> <span class='ocrx_word' id='word_1_203' title='bbox 700 3500 836 3582; x_wconf 88' lang='lat' dir='ltr'>aliquod</span> <span class='ocrx_word' id='word_1_204' title='bbox 860 3503 910 3566; x_wconf 92' lang='lat' dir='ltr'>ius</span> <span class='ocrx_word' id='word_1_205' title='bbox 945 3523 1037 3565; x_wconf 87' lang='lat' dir='ltr'>suum</span> <span class='ocrx_word' id='word_1_206' title='bbox 1053 3507 1164 3584; x_wconf 86' lang='lat' dir='ltr'>petere</span> <span class='ocrx_word' id='word_1_207' title='bbox 1181 3521 1246 3564; x_wconf 90' lang='lat' dir='ltr'>non</span> 
     </span>
     <span class='ocr_line' id='line_1_27' title="bbox 107 3605 1245 3698; baseline -0.006 -20"><span class='ocrx_word' id='word_1_208' title='bbox 107 3613 219 3698; x_wconf 88' lang='lat' dir='ltr'>potnit</span> <span class='ocrx_word' id='word_1_209' title='bbox 250 3609 452 3692; x_wconf 86' lang='lat' dir='ltr'>temporibus</span> <span class='ocrx_word' id='word_1_210' title='bbox 483 3609 657 3674; x_wconf 87' lang='lat' dir='ltr'>retroactis</span> <span class='ocrx_word' id='word_1_211' title='bbox 689 3605 786 3672; x_wconf 89' lang='lat' dir='ltr'>Nunc</span> <span class='ocrx_word' id='word_1_212' title='bbox 817 3628 895 3673; x_wconf 82' lang='lat' dir='ltr'>vero</span> <span class='ocrx_word' id='word_1_213' title='bbox 928 3610 994 3674; x_wconf 85' lang='lat' dir='ltr'>stb.</span> <span class='ocrx_word' id='word_1_214' title='bbox 1020 3615 1088 3673; x_wconf 88' lang='lat' dir='ltr'>tres</span> <span class='ocrx_word' id='word_1_215' title='bbox 1114 3607 1245 3687; x_wconf 90' lang='lat' dir='ltr'>insulas,</span> 
     </span>
     <span class='ocr_line' id='line_1_28' title="bbox 106 3713 1244 3800; baseline -0.008 -13"><span class='ocrx_word' id='word_1_216' title='bbox 106 3721 234 3788; x_wconf 87' lang='lat' dir='ltr'>scilicet</span> <span class='ocrx_word' id='word_1_217' title='bbox 250 3714 386 3797; x_wconf 85' lang='lat' dir='ltr'>Srimaz,</span> <span class='ocrx_word' id='word_1_218' title='bbox 407 3713 495 3800; x_wconf 83' lang='lat' dir='ltr'>Sirje</span> <span class='ocrx_word' id='word_1_219' title='bbox 520 3723 553 3780; x_wconf 92' lang='lat' dir='ltr'>et</span> <span class='ocrx_word' id='word_1_220' title='bbox 592 3713 702 3798; x_wconf 85' lang='lat' dir='ltr'>Carta,</span> <span class='ocrx_word' id='word_1_221' title='bbox 728 3737 801 3780; x_wconf 90' lang='lat' dir='ltr'>cum</span> <span class='ocrx_word' id='word_1_222' title='bbox 828 3737 939 3782; x_wconf 89' lang='lat' dir='ltr'>earum</span> <span class='ocrx_word' id='word_1_223' title='bbox 957 3715 1165 3798; x_wconf 85' lang='lat' dir='ltr'>pertinentiis</span> <span class='ocrx_word' id='word_1_224' title='bbox 1183 3714 1244 3790; x_wconf 90' lang='lat' dir='ltr'>stb,</span> 
     </span>
     <span class='ocr_line' id='line_1_29' title="bbox 104 3820 1242 3914; baseline -0.012 -16"><span class='ocrx_word' id='word_1_225' title='bbox 104 3827 228 3914; x_wconf 76' lang='lat' dir='ltr'>(ker-ik,</span> <span class='ocrx_word' id='word_1_226' title='bbox 244 3825 407 3910; x_wconf 80' lang='lat' dir='ltr'>melyelret</span> <span class='ocrx_word' id='word_1_227' title='bbox 438 3824 548 3890; x_wconf 86' lang='lat' dir='ltr'>Jadra</span> <span class='ocrx_word' id='word_1_228' title='bbox 579 3832 674 3891; x_wconf 79' lang='lat' dir='ltr'>varos</span> <span class='ocrx_word' id='word_1_229' title='bbox 705 3822 865 3906; x_wconf 83' lang='lat' dir='ltr'>elfoglalt.</span> <span class='ocrx_word' id='word_1_230' title='bbox 895 3823 928 3888; x_wconf 79' lang='lat' dir='ltr'>A</span> <span class='ocrx_word' id='word_1_231' title='bbox 960 3823 1039 3886; x_wconf 89' lang='lat' dir='ltr'>mire</span> <span class='ocrx_word' id='word_1_232' title='bbox 1064 3820 1172 3886; x_wconf 84' lang='lat' dir='ltr'>Jadra</span> <span class='ocrx_word' id='word_1_233' title='bbox 1188 3827 1242 3886; x_wconf 77' lang='lat' dir='ltr'>va-</span> 
     </span>
    </p>
   </div>
   <div class='ocr_carea' id='block_1_14' title="bbox 1 3927 1244 4018">
    <p class='ocr_par' dir='ltr' id='par_1_14' title="bbox 1 3927 1244 4018">
     <span class='ocr_line' id='line_1_30' title="bbox 1 3927 1244 4018; baseline -0.011 -13"><span class='ocrx_word' id='word_1_234' title='bbox 1 3931 2 3938; x_wconf 50' lang='lat'><em>&#39;</em></span> <span class='ocrx_word' id='word_1_235' title='bbox 103 3960 160 4004; x_wconf 88' lang='lat' dir='ltr'>ros</span> <span class='ocrx_word' id='word_1_236' title='bbox 199 3933 547 4018; x_wconf 75' lang='lat' dir='ltr'>meghatalmazottJai</span> <span class='ocrx_word' id='word_1_237' title='bbox 589 3932 823 4015; x_wconf 78' lang='lat' dir='ltr'>kbvetbezbleg</span> <span class='ocrx_word' id='word_1_238' title='bbox 865 3928 1115 4013; x_wconf 83' lang='lat' dir='ltr'>valaszolnak):</span> <span class='ocrx_word' id='word_1_239' title='bbox 1158 3927 1244 3993; x_wconf 90' lang='lat' dir='ltr'>Item</span> 
     </span>
    </p>
   </div>
   <div class='ocr_carea' id='block_1_15' title="bbox 1 4035 1247 4564">
    <p class='ocr_par' dir='ltr' id='par_1_15' title="bbox 1 4035 1247 4564">
     <span class='ocr_line' id='line_1_31' title="bbox 105 4035 1245 4132; baseline -0.014 -19"><span class='ocrx_word' id='word_1_240' title='bbox 105 4066 281 4132; x_wconf 88' lang='lat' dir='ltr'>supereo,</span> <span class='ocrx_word' id='word_1_241' title='bbox 308 4042 397 4126; x_wconf 93' lang='lat' dir='ltr'>quod</span> <span class='ocrx_word' id='word_1_242' title='bbox 429 4040 511 4107; x_wconf 90' lang='lat' dir='ltr'>dicti</span> <span class='ocrx_word' id='word_1_243' title='bbox 543 4039 771 4107; x_wconf 82' lang='lat' dir='ltr'>Sibenicenses</span> <span class='ocrx_word' id='word_1_244' title='bbox 805 4039 919 4103; x_wconf 89' lang='lat' dir='ltr'>dicunt</span> <span class='ocrx_word' id='word_1_245' title='bbox 950 4035 1050 4100; x_wconf 86' lang='lat' dir='ltr'>fuisse</span> <span class='ocrx_word' id='word_1_246' title='bbox 1067 4035 1127 4099; x_wconf 89' lang='lat' dir='ltr'>sub</span> <span class='ocrx_word' id='word_1_247' title='bbox 1143 4035 1245 4098; x_wconf 89' lang='lat' dir='ltr'>tiran-</span> 
     </span>
     <span class='ocr_line' id='line_1_32' title="bbox 1 4139 1245 4235; baseline -0.013 -13"><span class='ocrx_word' id='word_1_248' title='bbox 1 4153 2 4162; x_wconf 72' lang='grc'>’</span> <span class='ocrx_word' id='word_1_249' title='bbox 101 4177 174 4235; x_wconf 89' lang='lat' dir='ltr'>nos,</span> <span class='ocrx_word' id='word_1_250' title='bbox 198 4151 307 4218; x_wconf 89' lang='lat' dir='ltr'>silicet</span> <span class='ocrx_word' id='word_1_251' title='bbox 326 4149 475 4214; x_wconf 89' lang='lat' dir='ltr'>dominos</span> <span class='ocrx_word' id='word_1_252' title='bbox 496 4148 639 4213; x_wconf 90' lang='lat' dir='ltr'>Paulum</span> <span class='ocrx_word' id='word_1_253' title='bbox 656 4154 689 4214; x_wconf 91' lang='lat' dir='ltr'>et</span> <span class='ocrx_word' id='word_1_254' title='bbox 706 4145 891 4212; x_wconf 88' lang='lat' dir='ltr'>Mladinum</span> <span class='ocrx_word' id='word_1_255' title='bbox 907 4142 1019 4207; x_wconf 89' lang='lat' dir='ltr'>Banos</span> <span class='ocrx_word' id='word_1_256' title='bbox 1036 4139 1179 4223; x_wconf 83' lang='lat' dir='ltr'>Croatie,</span> <span class='ocrx_word' id='word_1_257' title='bbox 1198 4141 1245 4207; x_wconf 90' lang='lat' dir='ltr'>di-</span> 
     </span>
     <span class='ocr_line' id='line_1_33' title="bbox 101 4249 1245 4344; baseline -0.013 -16"><span class='ocrx_word' id='word_1_258' title='bbox 101 4268 226 4344; x_wconf 76' lang='lat' dir='ltr'>centeS,</span> <span class='ocrx_word' id='word_1_259' title='bbox 245 4279 310 4326; x_wconf 91' lang='lat' dir='ltr'>non</span> <span class='ocrx_word' id='word_1_260' title='bbox 321 4257 393 4323; x_wconf 90' lang='lat' dir='ltr'>ausi</span> <span class='ocrx_word' id='word_1_261' title='bbox 409 4257 511 4324; x_wconf 83' lang='lat' dir='ltr'>luisse</span> <span class='ocrx_word' id='word_1_262' title='bbox 528 4256 576 4321; x_wconf 80' lang='lat' dir='ltr'>uti</span> <span class='ocrx_word' id='word_1_263' title='bbox 594 4257 667 4322; x_wconf 90' lang='lat' dir='ltr'>iura</span> <span class='ocrx_word' id='word_1_264' title='bbox 683 4275 761 4332; x_wconf 89' lang='lat' dir='ltr'>sua;</span> <span class='ocrx_word' id='word_1_265' title='bbox 779 4253 867 4336; x_wconf 92' lang='lat' dir='ltr'>quod</span> <span class='ocrx_word' id='word_1_266' title='bbox 882 4275 945 4318; x_wconf 91' lang='lat' dir='ltr'>non</span> <span class='ocrx_word' id='word_1_267' title='bbox 963 4251 1127 4316; x_wconf 90' lang='lat' dir='ltr'>modicum</span> <span class='ocrx_word' id='word_1_268' title='bbox 1143 4249 1245 4314; x_wconf 91' lang='lat' dir='ltr'>admi·</span> 
     </span>
     <span class='ocr_line' id='line_1_34' title="bbox 101 4356 1244 4449; baseline -0.012 -11"><span class='ocrx_word' id='word_1_269' title='bbox 101 4368 247 4438; x_wconf 89' lang='lat' dir='ltr'>randum</span> <span class='ocrx_word' id='word_1_270' title='bbox 272 4373 332 4449; x_wconf 83' lang='lat' dir='ltr'>est,</span> <span class='ocrx_word' id='word_1_271' title='bbox 351 4365 514 4449; x_wconf 92' lang='lat' dir='ltr'>quomodo</span> <span class='ocrx_word' id='word_1_272' title='bbox 534 4363 614 4429; x_wconf 94' lang='lat' dir='ltr'>dicti</span> <span class='ocrx_word' id='word_1_273' title='bbox 632 4361 858 4427; x_wconf 84' lang='lat' dir='ltr'>Sibenicenses</span> <span class='ocrx_word' id='word_1_274' title='bbox 875 4360 983 4426; x_wconf 90' lang='lat' dir='ltr'>dicere</span> <span class='ocrx_word' id='word_1_275' title='bbox 999 4363 1137 4442; x_wconf 88' lang='lat' dir='ltr'>possunt</span> <span class='ocrx_word' id='word_1_276' title='bbox 1153 4356 1244 4438; x_wconf 80' lang='lat' dir='ltr'>talia,</span> 
     </span>
     <span class='ocr_line' id='line_1_35' title="bbox 101 4465 1247 4564; baseline -0.01 -22"><span class='ocrx_word' id='word_1_277' title='bbox 101 4476 206 4564; x_wconf 91' lang='lat' dir='ltr'>iquod</span> <span class='ocrx_word' id='word_1_278' title='bbox 217 4483 352 4561; x_wconf 90' lang='lat' dir='ltr'>propter</span> <span class='ocrx_word' id='word_1_279' title='bbox 363 4474 527 4558; x_wconf 89' lang='lat' dir='ltr'>predictos</span> <span class='ocrx_word' id='word_1_280' title='bbox 544 4471 654 4538; x_wconf 88' lang='lat' dir='ltr'>Banos</span> <span class='ocrx_word' id='word_1_281' title='bbox 670 4492 735 4535; x_wconf 93' lang='lat' dir='ltr'>non</span> <span class='ocrx_word' id='word_1_282' title='bbox 752 4469 919 4536; x_wconf 88' lang='lat' dir='ltr'>audebant</span> <span class='ocrx_word' id='word_1_283' title='bbox 933 4466 1097 4550; x_wconf 89' lang='lat' dir='ltr'>consequi,</span> <span class='ocrx_word' id='word_1_284' title='bbox 1113 4487 1172 4532; x_wconf 90' lang='lat' dir='ltr'>nec</span> <span class='ocrx_word' id='word_1_285' title='bbox 1197 4465 1247 4530; x_wconf 85' lang='lat' dir='ltr'>uti</span> 
     </span>
    </p>
   </div>
   <div class='ocr_carea' id='block_1_16' title="bbox 2 4573 1246 4750">
    <p class='ocr_par' dir='ltr' id='par_1_16' title="bbox 2 4573 1246 4750">
     <span class='ocr_line' id='line_1_36' title="bbox 2 4573 1246 4665; baseline -0.016 -7"><span class='ocrx_word' id='word_1_286' title='bbox 2 4588 3 4596; x_wconf 61' lang='lat'><em>&#39;</em></span> <span class='ocrx_word' id='word_1_287' title='bbox 101 4608 167 4656; x_wconf 88' lang='lat' dir='ltr'>ura</span> <span class='ocrx_word' id='word_1_288' title='bbox 182 4605 252 4665; x_wconf 79' lang='lat' dir='ltr'>sira,</span> <span class='ocrx_word' id='word_1_289' title='bbox 271 4605 345 4648; x_wconf 89' lang='lat' dir='ltr'>cum</span> <span class='ocrx_word' id='word_1_290' title='bbox 360 4582 437 4649; x_wconf 92' lang='lat' dir='ltr'>olim</span> <span class='ocrx_word' id='word_1_291' title='bbox 453 4579 570 4648; x_wconf 87' lang='lat' dir='ltr'>Helias</span> <span class='ocrx_word' id='word_1_292' title='bbox 587 4580 626 4644; x_wconf 93' lang='lat' dir='ltr'>de</span> <span class='ocrx_word' id='word_1_293' title='bbox 643 4576 794 4645; x_wconf 89' lang='lat' dir='ltr'>Sibenico</span> <span class='ocrx_word' id='word_1_294' title='bbox 810 4575 920 4642; x_wconf 87' lang='lat' dir='ltr'>fuerat</span> <span class='ocrx_word' id='word_1_295' title='bbox 934 4575 1095 4641; x_wconf 88' lang='lat' dir='ltr'>Dominus</span> <span class='ocrx_word' id='word_1_296' title='bbox 1121 4581 1154 4639; x_wconf 87' lang='lat' dir='ltr'>et</span> <span class='ocrx_word' id='word_1_297' title='bbox 1181 4573 1246 4640; x_wconf 91' lang='lat' dir='ltr'>Po·</span> 
     </span>
     <span class='ocr_line' id='line_1_37' title="bbox 1078 4680 1138 4750; baseline 0.033 -2"><span class='ocrx_word' id='word_1_298' title='bbox 1078 4680 1138 4750; x_wconf 77' lang='lat'>15*</span> 
     </span>
    </p>
   </div>
   <div class='ocr_carea' id='block_1_17' title="bbox 0 0 1590 5234">
    <p class='ocr_par' dir='ltr' id='par_1_17' title="bbox 0 0 1590 5234">
     <span class='ocr_line' id='line_1_38' title="bbox 0 0 1590 5234; baseline 0 7"><span class='ocrx_word' id='word_1_299' title='bbox 0 0 1590 5234; x_wconf 95' lang='lat' dir='ltr'> </span> 
     </span>
    </p>
   </div>
  </div>
 </body>
</html>
