3244 5236
476 343 540 402 348
809 356 1045 402 concusseris
1063 339 1231 416 nunninus.

474 516 535 581 bus
561 516 662 582 firmis
691 515 838 581 omnibus
854 514 1007 599 capitulis
1024 515 1148 580 ordinis
1165 514 1244 582 sacti
1261 539 1321 600 pro
1338 517 1431 583 dictu
1446 538 1504 582 sua
1516 518 1576 582 sctis

473 623 620 689 factione.
647 623 692 688 Et
717 623 745 686 si
769 621 939 690 consilium
965 627 1016 688 est
1040 629 1164 707 contra,
1187 623 1230 689 sit
1245 632 1434 692 revocatum
1450 628 1581 708 quantun

473 729 507 796 in
520 731 591 798 hoc.

580 892 616 956 (A
640 893 750 946 ›Missi‹
774 895 865 945 ezimn
879 895 1018 946 velenczei
1032 897 1212 960 illamkonyv
1235 897 1325 947 XVII.
1340 897 1484 946 kiitetebo'l
1498 897 1532 945 ut.
1543 897 1581 944 les.

1003 1240 1077 1302 343.

475 1401 524 1464 De
541 1398 733 1464 Carceribuo
750 1400 903 1464 Gullurd
921 1399 1006 1464 tituli
1018 1402 1159 1486 pre'port,
1190 1401 1245 1464 XI
1255 1399 1286 1463 V.
1304 1399 1440 1466 szdzadi
1455 1421 1582 1484 ruopper-

473 1507 601 1594 orszclpi
625 1507 824 1591 diplomata,
849 1508 933 1572 ruint
959 1509 1098 1594 apostoli
1123 1509 1262 1574 seleucius
1279 1508 1580 1595 Leupyulorrzu'pdcu

988 1615 1087 1681 1336.

581 1794 754 1860 Johannes
777 1793 961 1878 Episcopus
987 1800 1048 1859 etc.
1074 1791 1211 1878 (XXII.
1227 1791 1333 1859 anos
1359 1793 1462 1878 pepo)
1487 1791 1580 1856 dilecto

474 1902 542 1966 filio
568 1903 733 1984 Magistro
759 1900 928 1967 Gulhurdo
954 1899 994 1966 de
1020 1898 1226 1982 Beronibus
1258 1901 1377 1966 elerico
1395 1899 1581 1966 Ceturcensis

474 2010 633 2092 DiocesiS,
649 2008 838 2074 Licentiuto
854 2009 888 2073 in
904 2009 1061 2093 Legibus,
1076 2007 1272 2092 Apostolice
1288 2007 1385 2074 Sedis
1395 2007 1521 2073 Nnncio
1535 2005 1582 2070 stb.

474 2117 591 2202 (Petro
617 2117 658 2182 de
674 2116 834 2182 Alvernis
859 2114 989 2182 Nuncio
1004 2113 1197 2199 Apostolico
1223 2117 1257 2179 in
1281 2115 1431 2199 partibus
1446 2112 1606 2208 Polonieew.

475 2209 681 2310 adiungitur)
707 2225 833 2290 Datum
849 2220 1008 2290 Asinione
1033 2222 1183 2289 kalendis
1198 2222 1373 2289 Februarii
1390 2221 1583 2289 Pontificius
1604 2209 1606 2282 J

476 2335 581 2400 nosos
596 2352 682 2398 armo
698 2329 838 2400 xvnr.
855 2330 985 2417 (1334.)
1604 2307 1606 2330 “

584 2439 781 2505 Benedictus
795 2441 979 2524 Episcopus
995 2445 1054 2504 etc.
1079 2437 1178 2522 (ΧΠ,
1194 2435 1350 2504 Benedek
1366 2435 1471 2523 pleps)
1487 2436 1583 2502 dilecto
1604 2487 1606 2496 .

475 2544 543 2612 filio
559 2547 722 2630 Magistro
741 2543 910 2614 Gulhurdo
927 2546 968 2612 de
984 2545 1179 2614 Carceribus
1195 2544 1257 2612 stb.
1283 2543 1445 2631 (Nunnius
1465 2541 1584 2629 Aposto
1604 2535 1606 2560 ⁵

475 2654 558 2720 licus
573 2655 608 2721 in
624 2655 774 2739 portibus
790 2655 950 2722 Poloniee
966 2651 1194 2738 confirmetur)
1218 2653 1343 2719 Datum
1359 2652 1521 2720 Arinione
1534 2649 1584 2715 ΙΙΙ
1603 2645 1605 2670 ⁴

475 2782 578 2826 nouas
594 2761 730 2828 Marotii
745 2761 962 2828 Pontificatus
977 2762 1081 2826 nostri
1098 2781 1185 2827 anno
1201 2761 1317 2846 primo.
1334 2758 1461 2846 (1335.)

537 2889 540 2896 ·
582 2869 780 2935 Benedictus
795 2869 980 2952 Episcopus
997 2876 1058 2934 etc.
1074 2868 1243 2934 carissimo
1259 2868 1292 2933 in
1309 2867 1443 2934 Christo
1459 2863 1586 2934 filioKs·

477 2976 591 3042 zimiro
606 2974 692 3058 Regi
709 2973 844 3040 Polonie
860 2975 982 3041 illustri
993 2975 1055 3040 stb.
1066 2973 1286 3041 Serenitutem
1296 2973 1438 3058 Regiam
1450 2973 1586 3040 attentius

477 3084 700 3166 deprecemur,
730 3088 893 3168 quatenus
910 3085 952 3150 ob
969 3082 1055 3148 dicte
1066 3079 1161 3147 Sedis
1179 3089 1211 3146 et
1226 3088 1374 3148 nostrum
1390 3081 1585 3148 reuerentiam

477 3192 583 3257 eidem
600 3191 780 3276 (Magistro
798 3189 985 3276 Galhurdo)
1001 3189 1116 3274 Regiis
1132 3191 1289 3256 assistens
1306 3189 1486 3270 fauoribus,
1501 3191 1585 3272 ipsun

476 3297 597 3364 habere
623 3299 702 3364 velis
724 3300 916 3382 propensius
933 3297 1194 3364 commendatum
1211 3298 1271 3364 stb.
1303 3299 1428 3365 Datum
1444 3297 1584 3363 Aviuione
1601 3309 1603 3386 Ι

478 3405 560 3472 VII.
576 3405 649 3470 idus
666 3405 783 3471 Martii
800 3404 1017 3471 Pontificatus
1033 3405 1135 3469 nostri
1152 3427 1237 3470 curro
1253 3406 1369 3489 primo.
1599 3421 1603 3550 Ι

585 3513 783 3580 Benedictus
794 3514 977 3597 Episcopus
989 3520 1048 3579 etc.
1060 3512 1180 3579 dilecto
1190 3511 1255 3579 filio
1263 3513 1426 3597 Magistro
1436 3505 1585 3577 Galhsrdo

478 3621 518 3686 dc
547 3621 744 3687 Carceribus
761 3621 937 3705 Proposito
962 3621 1112 3687 Ecclesie
1130 3619 1307 3686 Titulensis
1324 3619 1511 3688 Colocensis
1524 3616 1602 3700 Diu}

479 3729 568 3808 cesis
584 3728 785 3811 inpartibus
802 3727 940 3794 Polonie
961 3725 1152 3811 Apostolicc
1179 3725 1274 3794 Sedis
1299 3728 1429 3797 nuncio
1447 3727 1507 3792 ΙΙΙ).
1534 3709 1602 3788 Dis-i

477 3844 547 3900 turn
557 3835 645 3919 apud
655 3836 797 3902 Pontem
807 3834 924 3919 Sorgie
935 3834 1164 3902 Arinionensis
1175 3835 1368 3904 DiooesisV.
1379 3837 1452 3902 idus
1464 3827 1585 3916 Augusti
1599 3877 1601 3906 ,

477 3944 694 4010 Pontificatus
712 3944 818 4010 nostri
834 3966 918 4009 anno
937 3943 1086 4009 secundo.
1599 3927 1601 3956 i

1600 3561 1602 3582 l

1600 3589 1602 3600 ι

588 4125 691 4184 (XXII.
705 4125 793 4176 diuos
807 4125 835 4174 es
848 4126 912 4175 ΧΠ.
927 4125 1057 4176 Benedek
1070 4125 1202 4190 popinak
1215 4123 1517 4190 regestakonyveiuol.)

967 4411 1126 4424 n-——-—--
