3170 5234
751 373 989 418 nrrriounczmr
1006 357 1171 416 umnam.

930 697 1003 758 273.

403 867 547 934 Seruaeo
563 863 669 929 „lenos
694 859 846 925 velenczei
871 859 1011 945 doyeaelc
1037 857 1232 922 inttzlcede'sc
1258 849 1513 942 stuppa-rorszdpi

614 969 844 1035 kereskedtkre
859 969 952 1031 necve
973 965 1188 1031 Velenczc'ben.
1216 967 1313 1029 1319.

506 1169 636 1235 Littere
652 1171 803 1250 patentes
819 1169 1037 1228 mercatorum
1053 1158 1210 1245 Vngarie.

504 1273 577 1343 Nos
592 1274 764 1342 Johannes
785 1271 986 1355 Superancio
1004 1266 1069 1333 Dei
1095 1268 1206 1352 gracia
1225 1265 1445 1345 Venetiam,
1466 1273 1515 1329 etc·

399 1381 659 1452 notumlacimus
675 1386 788 1446 tenore
804 1378 1008 1463 presencium
1020 1376 1139 1458 quibus
1150 1375 1281 1458 expedit
1291 1374 1453 1452 uniuersis,
1467 1394 1515 1436 nos

400 1514 503 1577 nuper
516 1489 723 1558 serenissimi
740 1489 862 1553 domini
879 1485 991 1552 Caroli
1000 1485 1065 1550 Dei
1081 1485 1189 1566 gratia
1198 1483 1302 1567 Regis
1311 1481 1455 1565 Vngarie
1469 1502 1514 1563 pa·

400 1607 507 1668 tentes
534 1599 662 1664 litteras
688 1619 746 1680 per
762 1595 961 1678 Magistrum
978 1592 1165 1658 Johannem
1191 1591 1230 1656 de
1246 1590 1353 1670 Buda,
1379 1590 1514 1654 nuncium

402 1729 494 1775 suum
511 1706 605 1772 nobis
621 1709 828 1790 presentatas
843 1701 1003 1784 recepisse
1020 1700 1143 1765 tenoris
1160 1698 1355 1780 subscripti:

508 1817 580 1883 Nos
597 1814 734 1880 Carolus
749 1811 814 1876 Dei
841 1811 950 1894 gratia
975 1809 1046 1874 Rex
1063 1806 1211 1892 Vngarie
1238 1813 1297 1873 etc.
1324 1802 1516 1889 (ktvetlrezilr

403 1925 532 1996 Robert
548 1922 677 2007 Karoly
693 1943 830 2004 magyar
845 1917 1019 2003 kirtlynak
1037 1922 1132 1984 1318.
1157 1917 1267 1996 lescle,
1293 1917 1377 1980 mint
1400 1910 1516 1979 sentebb

406 2039 480 2100 270.
497 2055 539 2097 sz.
557 2052 584 2096 a.

511 2030 707 2220 Nos)igitur,
727 2137 783 2219 qui
799 2138 884 2201 inter
898 2141 1024 2199 ceteras
1039 2137 1150 2200 nostre
1168 2133 1284 2198 mentis
1302 2129 1516 2215 disposiciones

405 2249 467 2315 hoc
483 2255 636 2315 constans
652 2247 857 2331 propositum
876 2244 1032 2325 gessimus
1049 2245 1260 2322 ac'tenemus‚
1287 2241 1435 2307 videlicet
1449 2257 1517 2302 mer-

405 2338 533 2421 catores
562 2362 596 2420 et
613 2359 742 2438 gentem
758 2350 918 2436 Vngarioi
934 2349 1043 2434 Regni
1069 2349 1110 2414 ob
1136 2349 1346 2414 deuocionem
1362 2349 1517 2430 ingentem

406 2481 505 2546 quam
529 2463 572 2528 ad
587 2461 739 2546 Regnum
763 2461 913 2543 gerimus,
938 2460 1030 2542 apice
1055 2458 1284 2525 beneuolencie
1300 2456 1451 2542 prosequi
1465 2457 1517 2518 sin·
1578 2515 1579 2518 ,

282 2636 285 2644 ,
407 2569 517 2654 gulari
542 2572 717 2653 cupientes,
743 2569 830 2652 quod
855 2566 992 2632 affectus
1020 2567 1169 2650 utrinque
1195 2565 1379 2631 laudabiles
1397 2586 1433 2630 ac
1446 2562 1519 2628 bona

406 2677 576 2761 proposita
590 2677 624 2741 in
640 2677 767 2742 actione
784 2675 932 2742 debitum
949 2674 989 2740 de
1005 2675 1119 2759 preuio
1130 2675 1363 2761 conducantur,
1379 2671 1519 2756 adrequi-

408 2784 563 2850 sicionem
578 2783 705 2868 prefate
715 2783 820 2867 Regie
831 2782 1017 2849 Maiestatis
1034 2785 1271 2866 contentamur‚
1287 2782 1440 2848 facientes
1454 2779 1518 2844 lide-

405 2892 453 2958 les
470 2897 601 2958 nostros
617 2892 776 2957 habentes
795 2890 990 2976 represalias
1006 2896 1120 2955 contra
1135 2888 1248 2954 fideles
1265 2889 1373 2973 Regni
1390 2888 1518 2973 Vngarie

406 3001 592 3066 contentari
608 2999 641 3063 in
659 3000 745 3064 hunc
761 2998 903 3081 modum,
929 2998 971 3063 ad
989 2999 1144 3064 maiorem
1159 2997 1215 3062 hic
1230 2991 1392 3065 cautelam
1408 3018 1518 3082 expres·

406 3130 494 3188 sum3
509 3105 669 3190 videlicet,
685 3105 773 3191 quod
789 3111 989 3172 mercatores
999 3104 1109 3190 Regni
1121 3106 1271 3188 Vngarie
1290 3127 1363 3171 cum
1379 3107 1440 3171 suis
1450 3125 1517 3170 mer·

405 3215 592 3282 cacionibus
608 3212 758 3283 Venetiis
783 3215 957 3296 venientes,
984 3215 1024 3279 de
1050 3215 1199 3280 omnibus
1224 3216 1476 3281 mercacionibus
1493 3217 1518 3275 et

407 3342 487 3388 auro
513 3329 546 3387 et
572 3327 707 3406 argento
736 3342 795 3406 per
820 3344 873 3387 eos
900 3321 1069 3387 conductis
1087 3320 1238 3388 Venetiis
1264 3323 1343 3389 dent
1360 3329 1392 3389 et
1407 3322 1520 3387 scluant

406 3452 500 3496 ruam
526 3435 559 3495 et
584 3429 752 3494 dimidiam
777 3449 837 3514 pro
855 3431 1041 3495 centenario
1058 3429 1181 3495 valoris
1198 3433 1436 3498 me1·cacionum
1450 3432 1521 3513 ipsa·

406 3561 479 3604 rum
496 3543 529 3603 et
548 3541 621 3605 auri
638 3545 672 3602 et
689 3538 814 3623 argenti
832 3539 953 3603 nostris
970 3538 1096 3603 ciuibus
1114 3540 1320 3623 supradictis,
1345 3539 1520 3617 itascilicet

409 3646 496 3730 quod
512 3649 585 3729 ipsa
601 3667 667 3710 una
682 3667 743 3729 pro
759 3647 943 3711 centenario
959 3653 1166 3729 computetur
1182 3649 1216 3712 in
1226 3648 1419 3714 solutionem
1430 3665 1520 3729 repre·

409 3754 566 3820 saliarum
590 3752 711 3819 nobilis
736 3756 797 3819 riri
814 3753 937 3824 Vitalis
953 3755 1060 3821 Miani
1087 3757 1191 3822 fidelis
1211 3759 1325 3840 nostri,
1352 3766 1384 3822 et
1399 3755 1521 3822 mediam

408 3883 469 3946 pro
494 3862 681 3927 centenario
708 3864 741 3926 in
769 3863 965 3929 solucionem
982 3865 1108 3948 antiqui
1125 3866 1258 3950 dampni
1275 3868 1422 3952 superius
1436 3863 1520 3930 nomi·

409 3970 497 4049 nati;
529 3968 592 4034 hac
617 3970 803 4035 conditione
828 3973 980 4054 apposita
1007 3979 1040 4037 et
1067 3973 1205 4054 adiecta,
1231 3974 1395 4054 videlicet,
1411 3968 1521 4058 quodsi

409 4075 528 4160 aliquis
553 4074 593 4140 de
609 4075 725 4158 Regno
749 4077 896 4159 predicto
914 4078 1059 4162 Vngarie
1083 4101 1148 4146 non
1165 4082 1309 4146 solueret-
1325 4083 1374 4146 rel
1391 4102 1450 4146 non
1464 4095 1521 4162 pre-

410 4187 553 4248 sentaret
578 4183 699 4248 nostris
726 4181 921 4249 officialibus
948 4185 990 4250 ad
1017 4187 1077 4252 hec
1103 4188 1268 4272 deputatis
1294 4212 1354 4272 per
1370 4211 1403 4256 se
1418 4187 1463 4252 rel
1477 4202 1521 4268 per

411 4287 511 4352 elium
536 4288 622 4354 infra
639 4310 694 4354 sex
710 4289 789 4373 dies,
814 4296 989 4376 postquam
1007 4291 1166 4360 Venetias
1183 4313 1262 4361 cunr
1273 4293 1523 4368 mercacionibus,

413 4412 492 4454 suro
520 4399 553 4456 et
578 4402 716 4478 argento
733 4400 859 4462 venerit
875 4399 918 4463 ad
935 4400 1128 4468 soluendum
1144 4403 1240 4468 dictis
1256 4406 1379 4472 nostris
1394 4399 1521 4469 fidelibus
1577 4401 1579 4406 ’

418 4494 539 4561 dictam
549 4519 642 4565 ruam
657 4507 690 4565 et
704 4497 873 4572 dimidiam¹
883 4509 1130 4592 computandas,
1147 4517 1180 4575 rt
1191 4510 1316 4577 dietum
1328 4516 1378 4577 est
1388 4507 1521 4594 superius
1578 4501 1579 4542 ἓ
