<?xml version="1.0" encoding="UTF-8"?>
<!DOCTYPE html PUBLIC "-//W3C//DTD XHTML 1.0 Transitional//EN"
    "http://www.w3.org/TR/xhtml1/DTD/xhtml1-transitional.dtd">
<html xmlns="http://www.w3.org/1999/xhtml" xml:lang="en" lang="en">
 <head>
  <title>
</title>
<meta http-equiv="Content-Type" content="text/html;charset=utf-8" />
  <meta name='ocr-system' content='tesseract 3.04.00' />
  <meta name='ocr-capabilities' content='ocr_page ocr_carea ocr_par ocr_line ocrx_word'/>
</head>
<body>
  <div class='ocr_page' id='page_1' title='image "./magyardiplomacz02wenzgoog_0440.png"; bbox 0 0 3244 5236; ppageno 0'>
   <div class='ocr_carea' id='block_1_1' title="bbox 708 354 1137 432">
    <p class='ocr_par' dir='ltr' id='par_1_1' title="bbox 708 354 1137 432">
     <span class='ocr_line' id='line_1_1' title="bbox 708 354 1137 432; baseline -0.019 -12"><span class='ocrx_word' id='word_1_1' title='bbox 708 369 944 432; x_wconf 71' lang='lat' dir='ltr'>usrsomuczmr</span> <span class='ocrx_word' id='word_1_2' title='bbox 967 354 1137 431; x_wconf 71' lang='lat' dir='ltr'>suessae.</span> 
     </span>
    </p>
   </div>
   <div class='ocr_carea' id='block_1_2' title="bbox 891 663 963 728">
    <p class='ocr_par' dir='ltr' id='par_1_2' title="bbox 891 663 963 728">
     <span class='ocr_line' id='line_1_2' title="bbox 891 663 963 728; baseline 0 -2"><span class='ocrx_word' id='word_1_3' title='bbox 891 663 963 728; x_wconf 79' lang='lat'><strong>374.</strong></span> 
     </span>
    </p>
   </div>
   <div class='ocr_carea' id='block_1_3' title="bbox 365 825 1499 1022">
    <p class='ocr_par' dir='ltr' id='par_1_3' title="bbox 365 825 1499 1022">
     <span class='ocr_line' id='line_1_3' title="bbox 365 825 1499 911; baseline 0.006 -27"><span class='ocrx_word' id='word_1_4' title='bbox 365 826 482 896; x_wconf 67' lang='lat' dir='ltr'>Ducam</span> <span class='ocrx_word' id='word_1_5' title='bbox 500 827 613 894; x_wconf 72' lang='lat' dir='ltr'>Istudn</span> <span class='ocrx_word' id='word_1_6' title='bbox 637 827 723 894; x_wconf 75' lang='lat' dir='ltr'>szcrb</span> <span class='ocrx_word' id='word_1_7' title='bbox 747 825 927 910; x_wconf 70' lang='lat' dir='ltr'>klrdlynalc</span> <span class='ocrx_word' id='word_1_8' title='bbox 943 825 1102 911; x_wconf 71' lang='lat' dir='ltr'>kduetse‘qc</span> <span class='ocrx_word' id='word_1_9' title='bbox 1118 850 1138 890; x_wconf 77' lang='lat' dir='ltr'>o</span> <span class='ocrx_word' id='word_1_10' title='bbox 1157 825 1311 891; x_wconf 71' lang='lat' dir='ltr'>vedenczei</span> <span class='ocrx_word' id='word_1_11' title='bbox 1326 825 1499 892; x_wconf 74' lang='lat' dir='ltr'>klizddrsa·</span> 
     </span>
     <span class='ocr_line' id='line_1_4' title="bbox 807 933 1046 1022; baseline -0.013 -21"><span class='ocrx_word' id='word_1_12' title='bbox 807 935 931 1022; x_wconf 73' lang='lat' dir='ltr'>sdpboz.</span> <span class='ocrx_word' id='word_1_13' title='bbox 950 933 1046 1001; x_wconf 68' lang='lat'><em>1340.</em></span> 
     </span>
    </p>
   </div>
   <div class='ocr_carea' id='block_1_4' title="bbox 366 1112 1498 1310">
    <p class='ocr_par' dir='ltr' id='par_1_4' title="bbox 366 1112 1498 1310">
     <span class='ocr_line' id='line_1_5' title="bbox 473 1112 1498 1184; baseline 0 -4"><span class='ocrx_word' id='word_1_14' title='bbox 473 1116 546 1182; x_wconf 85' lang='lat' dir='ltr'>Hoc</span> <span class='ocrx_word' id='word_1_15' title='bbox 561 1122 611 1182; x_wconf 90' lang='lat' dir='ltr'>est</span> <span class='ocrx_word' id='word_1_16' title='bbox 627 1116 732 1180; x_wconf 85' lang='lat' dir='ltr'>torma</span> <span class='ocrx_word' id='word_1_17' title='bbox 742 1112 930 1181; x_wconf 82' lang='lat' dir='ltr'>Ambaxete</span> <span class='ocrx_word' id='word_1_18' title='bbox 946 1117 1134 1182; x_wconf 83' lang='lat' dir='ltr'>transmisse</span> <span class='ocrx_word' id='word_1_19' title='bbox 1151 1114 1376 1184; x_wconf 88' lang='lat' dir='ltr'>dominoDuci</span> <span class='ocrx_word' id='word_1_20' title='bbox 1386 1113 1498 1184; x_wconf 80' lang='lat' dir='ltr'>Vene-</span> 
     </span>
     <span class='ocr_line' id='line_1_6' title="bbox 366 1220 1292 1310; baseline 0.001 -22"><span class='ocrx_word' id='word_1_21' title='bbox 366 1224 488 1292; x_wconf 87' lang='lat' dir='ltr'>ciarum</span> <span class='ocrx_word' id='word_1_22' title='bbox 505 1247 563 1308; x_wconf 90' lang='lat' dir='ltr'>per</span> <span class='ocrx_word' id='word_1_23' title='bbox 579 1223 828 1292; x_wconf 77' lang='lat' dir='ltr'>serenissimum</span> <span class='ocrx_word' id='word_1_24' title='bbox 844 1220 1010 1290; x_wconf 89' lang='lat' dir='ltr'>dominum</span> <span class='ocrx_word' id='word_1_25' title='bbox 1027 1223 1153 1310; x_wconf 86' lang='lat' dir='ltr'>Regem</span> <span class='ocrx_word' id='word_1_26' title='bbox 1169 1224 1292 1292; x_wconf 89' lang='lat' dir='ltr'>Seruie.</span> 
     </span>
    </p>
   </div>
   <div class='ocr_carea' id='block_1_5' title="bbox 368 1366 1509 3176">
    <p class='ocr_par' dir='ltr' id='par_1_5' title="bbox 368 1366 1509 3176">
     <span class='ocr_line' id='line_1_7' title="bbox 471 1366 1497 1452; baseline -0.004 -18"><span class='ocrx_word' id='word_1_27' title='bbox 471 1367 612 1452; x_wconf 76' lang='lat' dir='ltr'>Propter</span> <span class='ocrx_word' id='word_1_28' title='bbox 637 1390 789 1451; x_wconf 84' lang='lat' dir='ltr'>magnum</span> <span class='ocrx_word' id='word_1_29' title='bbox 815 1366 976 1450; x_wconf 86' lang='lat' dir='ltr'>affectum,</span> <span class='ocrx_word' id='word_1_30' title='bbox 1001 1391 1096 1452; x_wconf 90' lang='lat' dir='ltr'>quem</span> <span class='ocrx_word' id='word_1_31' title='bbox 1123 1369 1273 1435; x_wconf 91' lang='lat' dir='ltr'>dominus</span> <span class='ocrx_word' id='word_1_32' title='bbox 1289 1369 1361 1434; x_wconf 84' lang='lat' dir='ltr'>Rex</span> <span class='ocrx_word' id='word_1_33' title='bbox 1377 1366 1497 1433; x_wconf 85' lang='lat' dir='ltr'>Seruio</span> 
     </span>
     <span class='ocr_line' id='line_1_8' title="bbox 368 1475 1499 1559; baseline 0.001 -18"><span class='ocrx_word' id='word_1_34' title='bbox 368 1477 470 1558; x_wconf 79' lang='lat' dir='ltr'>gessit</span> <span class='ocrx_word' id='word_1_35' title='bbox 495 1482 528 1540; x_wconf 92' lang='lat' dir='ltr'>et</span> <span class='ocrx_word' id='word_1_36' title='bbox 551 1475 637 1558; x_wconf 85' lang='lat' dir='ltr'>gerit</span> <span class='ocrx_word' id='word_1_37' title='bbox 652 1475 694 1542; x_wconf 87' lang='lat' dir='ltr'>ed</span> <span class='ocrx_word' id='word_1_38' title='bbox 709 1476 899 1542; x_wconf 80' lang='lat' dir='ltr'>Dominium</span> <span class='ocrx_word' id='word_1_39' title='bbox 923 1483 957 1542; x_wconf 90' lang='lat' dir='ltr'>et</span> <span class='ocrx_word' id='word_1_40' title='bbox 973 1475 1249 1544; x_wconf 80' lang='lat' dir='ltr'>Communitatem</span> <span class='ocrx_word' id='word_1_41' title='bbox 1264 1475 1499 1559; x_wconf 72' lang='lat' dir='ltr'>veneciarum,</span> 
     </span>
     <span class='ocr_line' id='line_1_9' title="bbox 370 1582 1498 1668; baseline 0 -20"><span class='ocrx_word' id='word_1_42' title='bbox 370 1606 498 1667; x_wconf 81' lang='lat' dir='ltr'>semper</span> <span class='ocrx_word' id='word_1_43' title='bbox 514 1582 682 1649; x_wconf 84' lang='lat' dir='ltr'>affeetauit</span> <span class='ocrx_word' id='word_1_44' title='bbox 697 1584 785 1650; x_wconf 90' lang='lat' dir='ltr'>uniri</span> <span class='ocrx_word' id='word_1_45' title='bbox 802 1585 942 1666; x_wconf 90' lang='lat' dir='ltr'>eisdem;</span> <span class='ocrx_word' id='word_1_46' title='bbox 958 1590 1007 1648; x_wconf 87' lang='lat' dir='ltr'>set</span> <span class='ocrx_word' id='word_1_47' title='bbox 1023 1585 1102 1668; x_wconf 87' lang='lat' dir='ltr'>quia</span> <span class='ocrx_word' id='word_1_48' title='bbox 1118 1583 1180 1650; x_wconf 91' lang='lat' dir='ltr'>hoc</span> <span class='ocrx_word' id='word_1_49' title='bbox 1190 1605 1253 1649; x_wconf 87' lang='lat' dir='ltr'>non</span> <span class='ocrx_word' id='word_1_50' title='bbox 1265 1583 1371 1666; x_wconf 89' lang='lat' dir='ltr'>potuit</span> <span class='ocrx_word' id='word_1_51' title='bbox 1381 1583 1498 1648; x_wconf 87' lang='lat' dir='ltr'>hucus-</span> 
     </span>
     <span class='ocr_line' id='line_1_10' title="bbox 369 1688 1503 1778; baseline 0.002 -24"><span class='ocrx_word' id='word_1_52' title='bbox 369 1713 433 1776; x_wconf 85' lang='lat' dir='ltr'>que</span> <span class='ocrx_word' id='word_1_53' title='bbox 450 1691 637 1774; x_wconf 90' lang='lat' dir='ltr'>maucipare</span> <span class='ocrx_word' id='word_1_54' title='bbox 653 1688 941 1778; x_wconf 60' lang='lat' dir='ltr'>effectuiJcomode,</span> <span class='ocrx_word' id='word_1_55' title='bbox 966 1691 1143 1758; x_wconf 79' lang='lat' dir='ltr'>obstaculis</span> <span class='ocrx_word' id='word_1_56' title='bbox 1159 1691 1357 1771; x_wconf 84' lang='lat' dir='ltr'>interiectis3</span> <span class='ocrx_word' id='word_1_57' title='bbox 1383 1712 1503 1774; x_wconf 88' lang='lat' dir='ltr'>propo-</span> 
     </span>
     <span class='ocr_line' id='line_1_11' title="bbox 369 1797 1500 1883; baseline -0.001 -20"><span class='ocrx_word' id='word_1_58' title='bbox 369 1799 436 1864; x_wconf 86' lang='lat' dir='ltr'>suit</span> <span class='ocrx_word' id='word_1_59' title='bbox 451 1799 605 1883; x_wconf 85' lang='lat' dir='ltr'>deinceps</span> <span class='ocrx_word' id='word_1_60' title='bbox 622 1799 752 1865; x_wconf 90' lang='lat' dir='ltr'>domino</span> <span class='ocrx_word' id='word_1_61' title='bbox 762 1798 849 1867; x_wconf 89' lang='lat' dir='ltr'>Duci</span> <span class='ocrx_word' id='word_1_62' title='bbox 864 1801 957 1880; x_wconf 79' lang='lat' dir='ltr'>uniri,</span> <span class='ocrx_word' id='word_1_63' title='bbox 974 1797 1250 1866; x_wconf 84' lang='lat' dir='ltr'>etOommunitati</span> <span class='ocrx_word' id='word_1_64' title='bbox 1261 1799 1388 1883; x_wconf 80' lang='lat' dir='ltr'>pretate</span> <span class='ocrx_word' id='word_1_65' title='bbox 1398 1799 1500 1865; x_wconf 89' lang='lat' dir='ltr'>indis-</span> 
     </span>
     <span class='ocr_line' id='line_1_12' title="bbox 369 1904 1501 1990; baseline 0.001 -19"><span class='ocrx_word' id='word_1_66' title='bbox 369 1904 519 1972; x_wconf 87' lang='lat' dir='ltr'>solubilis</span> <span class='ocrx_word' id='word_1_67' title='bbox 544 1907 686 1972; x_wconf 79' lang='lat' dir='ltr'>amiticie</span> <span class='ocrx_word' id='word_1_68' title='bbox 702 1907 847 1987; x_wconf 88' lang='lat' dir='ltr'>vinculis,</span> <span class='ocrx_word' id='word_1_69' title='bbox 864 1914 897 1972; x_wconf 91' lang='lat' dir='ltr'>et</span> <span class='ocrx_word' id='word_1_70' title='bbox 913 1907 994 1973; x_wconf 86' lang='lat' dir='ltr'>ciuis</span> <span class='ocrx_word' id='word_1_71' title='bbox 1009 1907 1154 1990; x_wconf 87' lang='lat' dir='ltr'>ipsorum</span> <span class='ocrx_word' id='word_1_72' title='bbox 1169 1906 1255 1973; x_wconf 86' lang='lat' dir='ltr'>effici</span> <span class='ocrx_word' id='word_1_73' title='bbox 1271 1927 1360 1972; x_wconf 88' lang='lat' dir='ltr'>more</span> <span class='ocrx_word' id='word_1_74' title='bbox 1376 1913 1408 1971; x_wconf 92' lang='lat' dir='ltr'>et</span> <span class='ocrx_word' id='word_1_75' title='bbox 1424 1929 1501 1972; x_wconf 88' lang='lat' dir='ltr'>con-</span> 
     </span>
     <span class='ocr_line' id='line_1_13' title="bbox 371 2011 1500 2098; baseline 0.001 -20"><span class='ocrx_word' id='word_1_76' title='bbox 371 2014 541 2080; x_wconf 87' lang='lat' dir='ltr'>suetudine</span> <span class='ocrx_word' id='word_1_77' title='bbox 558 2011 712 2080; x_wconf 84' lang='lat' dir='ltr'>Ciuitatis</span> <span class='ocrx_word' id='word_1_78' title='bbox 735 2014 891 2098; x_wconf 86' lang='lat' dir='ltr'>predicte,</span> <span class='ocrx_word' id='word_1_79' title='bbox 916 2015 944 2081; x_wconf 92' lang='lat' dir='ltr'>si</span> <span class='ocrx_word' id='word_1_80' title='bbox 970 2015 1114 2098; x_wconf 89' lang='lat' dir='ltr'>ipsorum</span> <span class='ocrx_word' id='word_1_81' title='bbox 1139 2014 1233 2080; x_wconf 85' lang='lat' dir='ltr'>adest</span> <span class='ocrx_word' id='word_1_82' title='bbox 1257 2014 1500 2098; x_wconf 88' lang='lat' dir='ltr'>beneplacitum</span> 
     </span>
     <span class='ocr_line' id='line_1_14' title="bbox 374 2119 1503 2204; baseline -0.002 -16"><span class='ocrx_word' id='word_1_83' title='bbox 374 2123 408 2188; x_wconf 88' lang='lat' dir='ltr'>iu</span> <span class='ocrx_word' id='word_1_84' title='bbox 423 2121 486 2186; x_wconf 87' lang='lat' dir='ltr'>hac</span> <span class='ocrx_word' id='word_1_85' title='bbox 510 2127 613 2204; x_wconf 87' lang='lat' dir='ltr'>parte.</span> <span class='ocrx_word' id='word_1_86' title='bbox 645 2119 732 2186; x_wconf 81' lang='lat' dir='ltr'>Sane</span> <span class='ocrx_word' id='word_1_87' title='bbox 749 2144 821 2187; x_wconf 92' lang='lat' dir='ltr'>cum</span> <span class='ocrx_word' id='word_1_88' title='bbox 838 2122 944 2188; x_wconf 91' lang='lat' dir='ltr'>dictus</span> <span class='ocrx_word' id='word_1_89' title='bbox 960 2123 1111 2188; x_wconf 88' lang='lat' dir='ltr'>dominus</span> <span class='ocrx_word' id='word_1_90' title='bbox 1126 2123 1199 2189; x_wconf 82' lang='lat' dir='ltr'>Rex</span> <span class='ocrx_word' id='word_1_91' title='bbox 1214 2122 1337 2188; x_wconf 90' lang='lat' dir='ltr'>multos</span> <span class='ocrx_word' id='word_1_92' title='bbox 1353 2123 1503 2186; x_wconf 89' lang='lat' dir='ltr'>inimicos</span> 
     </span>
     <span class='ocr_line' id='line_1_15' title="bbox 373 2227 1504 2313; baseline -0.002 -19"><span class='ocrx_word' id='word_1_93' title='bbox 373 2228 505 2307; x_wconf 87' lang='lat' dir='ltr'>habeat,</span> <span class='ocrx_word' id='word_1_94' title='bbox 520 2227 672 2294; x_wconf 86' lang='lat' dir='ltr'>videlicet</span> <span class='ocrx_word' id='word_1_95' title='bbox 683 2228 843 2295; x_wconf 87' lang='lat' dir='ltr'>Dominos</span> <span class='ocrx_word' id='word_1_96' title='bbox 860 2230 892 2294; x_wconf 92' lang='lat' dir='ltr'>in</span> <span class='ocrx_word' id='word_1_97' title='bbox 909 2229 1047 2296; x_wconf 86' lang='lat' dir='ltr'>circuitu</span> <span class='ocrx_word' id='word_1_98' title='bbox 1057 2229 1166 2312; x_wconf 83' lang='lat' dir='ltr'>Regni</span> <span class='ocrx_word' id='word_1_99' title='bbox 1184 2229 1285 2313; x_wconf 88' lang='lat' dir='ltr'>ipsius</span> <span class='ocrx_word' id='word_1_100' title='bbox 1301 2250 1504 2294; x_wconf 80' lang='lat' dir='ltr'>commoran-</span> 
     </span>
     <span class='ocr_line' id='line_1_16' title="bbox 372 2334 1506 2420; baseline 0 -20"><span class='ocrx_word' id='word_1_101' title='bbox 372 2343 432 2416; x_wconf 88' lang='lat' dir='ltr'>tes,</span> <span class='ocrx_word' id='word_1_102' title='bbox 457 2355 595 2418; x_wconf 81' lang='lat' dir='ltr'>quornm</span> <span class='ocrx_word' id='word_1_103' title='bbox 611 2337 784 2420; x_wconf 84' lang='lat' dir='ltr'>occupauit</span> <span class='ocrx_word' id='word_1_104' title='bbox 800 2335 972 2420; x_wconf 84' lang='lat' dir='ltr'>Ciuitates,</span> <span class='ocrx_word' id='word_1_105' title='bbox 989 2334 1117 2419; x_wconf 78' lang='lat' dir='ltr'>Castra,</span> <span class='ocrx_word' id='word_1_106' title='bbox 1132 2336 1289 2404; x_wconf 86' lang='lat' dir='ltr'>sortilicia</span> <span class='ocrx_word' id='word_1_107' title='bbox 1306 2342 1340 2402; x_wconf 88' lang='lat' dir='ltr'>et</span> <span class='ocrx_word' id='word_1_108' title='bbox 1355 2343 1506 2401; x_wconf 86' lang='lat' dir='ltr'>contrac-</span> 
     </span>
     <span class='ocr_line' id='line_1_17' title="bbox 372 2443 1506 2527; baseline 0 -21"><span class='ocrx_word' id='word_1_109' title='bbox 372 2449 436 2522; x_wconf 87' lang='lat' dir='ltr'>tas,</span> <span class='ocrx_word' id='word_1_110' title='bbox 453 2443 532 2526; x_wconf 84' lang='lat' dir='ltr'>quia</span> <span class='ocrx_word' id='word_1_111' title='bbox 546 2444 580 2508; x_wconf 94' lang='lat' dir='ltr'>in</span> <span class='ocrx_word' id='word_1_112' title='bbox 597 2449 686 2509; x_wconf 86' lang='lat' dir='ltr'>statu</span> <span class='ocrx_word' id='word_1_113' title='bbox 701 2444 837 2527; x_wconf 88' lang='lat' dir='ltr'>pacifico</span> <span class='ocrx_word' id='word_1_114' title='bbox 854 2465 961 2511; x_wconf 89' lang='lat' dir='ltr'>secum</span> <span class='ocrx_word' id='word_1_115' title='bbox 977 2444 1088 2510; x_wconf 84' lang='lat' dir='ltr'>viuere</span> <span class='ocrx_word' id='word_1_116' title='bbox 1103 2444 1293 2525; x_wconf 83' lang='lat' dir='ltr'>noluerunt3</span> <span class='ocrx_word' id='word_1_117' title='bbox 1311 2443 1338 2509; x_wconf 90' lang='lat' dir='ltr'>si</span> <span class='ocrx_word' id='word_1_118' title='bbox 1349 2464 1426 2508; x_wconf 81' lang='lat' dir='ltr'>casu</span> <span class='ocrx_word' id='word_1_119' title='bbox 1443 2445 1506 2508; x_wconf 87' lang='lat' dir='ltr'>eli·</span> 
     </span>
     <span class='ocr_line' id='line_1_18' title="bbox 378 2549 1506 2636; baseline -0.001 -21"><span class='ocrx_word' id='word_1_120' title='bbox 378 2571 442 2632; x_wconf 90' lang='lat' dir='ltr'>quo</span> <span class='ocrx_word' id='word_1_121' title='bbox 458 2555 492 2616; x_wconf 88' lang='lat' dir='ltr'>et</span> <span class='ocrx_word' id='word_1_122' title='bbox 507 2550 685 2618; x_wconf 86' lang='lat' dir='ltr'>infortunio</span> <span class='ocrx_word' id='word_1_123' title='bbox 702 2557 952 2636; x_wconf 88' lang='lat' dir='ltr'>superueniente</span> <span class='ocrx_word' id='word_1_124' title='bbox 968 2556 1158 2636; x_wconf 77' lang='lat' dir='ltr'>opporteret</span> <span class='ocrx_word' id='word_1_125' title='bbox 1172 2553 1278 2636; x_wconf 89' lang='lat' dir='ltr'>ipsum</span> <span class='ocrx_word' id='word_1_126' title='bbox 1294 2549 1418 2616; x_wconf 89' lang='lat' dir='ltr'>habere</span> <span class='ocrx_word' id='word_1_127' title='bbox 1430 2572 1506 2616; x_wconf 89' lang='lat' dir='ltr'>con-</span> 
     </span>
     <span class='ocr_line' id='line_1_19' title="bbox 376 2655 1507 2743; baseline 0.002 -23"><span class='ocrx_word' id='word_1_128' title='bbox 376 2657 502 2740; x_wconf 87' lang='lat' dir='ltr'>fugium</span> <span class='ocrx_word' id='word_1_129' title='bbox 517 2657 560 2722; x_wconf 88' lang='lat' dir='ltr'>ad</span> <span class='ocrx_word' id='word_1_130' title='bbox 570 2655 760 2722; x_wconf 90' lang='lat' dir='ltr'>Dominium</span> <span class='ocrx_word' id='word_1_131' title='bbox 776 2664 809 2724; x_wconf 89' lang='lat' dir='ltr'>et</span> <span class='ocrx_word' id='word_1_132' title='bbox 819 2656 997 2725; x_wconf 82' lang='lat' dir='ltr'>Ciuitatem</span> <span class='ocrx_word' id='word_1_133' title='bbox 1006 2658 1234 2740; x_wconf 88' lang='lat' dir='ltr'>Veneoiarum,</span> <span class='ocrx_word' id='word_1_134' title='bbox 1249 2658 1337 2743; x_wconf 89' lang='lat' dir='ltr'>quod</span> <span class='ocrx_word' id='word_1_135' title='bbox 1353 2679 1507 2725; x_wconf 91' lang='lat' dir='ltr'>securum</span> 
     </span>
     <span class='ocr_line' id='line_1_20' title="bbox 378 2763 1508 2850; baseline 0.003 -20"><span class='ocrx_word' id='word_1_136' title='bbox 378 2763 423 2830; x_wconf 86' lang='lat' dir='ltr'>ad</span> <span class='ocrx_word' id='word_1_137' title='bbox 449 2763 580 2831; x_wconf 89' lang='lat' dir='ltr'>eosdem</span> <span class='ocrx_word' id='word_1_138' title='bbox 605 2764 762 2830; x_wconf 86' lang='lat' dir='ltr'>incessum</span> <span class='ocrx_word' id='word_1_139' title='bbox 777 2766 920 2833; x_wconf 81' lang='lat' dir='ltr'>habeant</span> <span class='ocrx_word' id='word_1_140' title='bbox 936 2774 969 2833; x_wconf 91' lang='lat' dir='ltr'>et</span> <span class='ocrx_word' id='word_1_141' title='bbox 983 2769 1162 2848; x_wconf 87' lang='lat' dir='ltr'>introitum,</span> <span class='ocrx_word' id='word_1_142' title='bbox 1189 2773 1224 2833; x_wconf 88' lang='lat' dir='ltr'>et</span> <span class='ocrx_word' id='word_1_143' title='bbox 1240 2765 1402 2834; x_wconf 79' lang='lat' dir='ltr'>Ciuitates</span> <span class='ocrx_word' id='word_1_144' title='bbox 1418 2767 1508 2850; x_wconf 91' lang='lat' dir='ltr'>ipso·</span> 
     </span>
     <span class='ocr_line' id='line_1_21' title="bbox 378 2873 1508 2958; baseline -0.001 -19"><span class='ocrx_word' id='word_1_145' title='bbox 378 2893 450 2939; x_wconf 88' lang='lat' dir='ltr'>rum</span> <span class='ocrx_word' id='word_1_146' title='bbox 465 2874 609 2940; x_wconf 90' lang='lat' dir='ltr'>fidelium</span> <span class='ocrx_word' id='word_1_147' title='bbox 625 2897 697 2940; x_wconf 91' lang='lat' dir='ltr'>cum</span> <span class='ocrx_word' id='word_1_148' title='bbox 714 2873 780 2940; x_wconf 90' lang='lat' dir='ltr'>suis</span> <span class='ocrx_word' id='word_1_149' title='bbox 796 2875 906 2941; x_wconf 84' lang='lat' dir='ltr'>liberis</span> <span class='ocrx_word' id='word_1_150' title='bbox 923 2883 956 2942; x_wconf 87' lang='lat' dir='ltr'>et</span> <span class='ocrx_word' id='word_1_151' title='bbox 971 2875 1126 2941; x_wconf 84' lang='lat' dir='ltr'>thesauro</span> <span class='ocrx_word' id='word_1_152' title='bbox 1142 2881 1175 2939; x_wconf 90' lang='lat' dir='ltr'>et</span> <span class='ocrx_word' id='word_1_153' title='bbox 1186 2873 1363 2940; x_wconf 89' lang='lat' dir='ltr'>domestica</span> <span class='ocrx_word' id='word_1_154' title='bbox 1374 2875 1508 2958; x_wconf 90' lang='lat' dir='ltr'>suppel-</span> 
     </span>
     <span class='ocr_line' id='line_1_22' title="bbox 377 2981 1509 3067; baseline 0 -19"><span class='ocrx_word' id='word_1_155' title='bbox 377 2981 492 3067; x_wconf 63' lang='lat' dir='ltr'>leociti,</span> <span class='ocrx_word' id='word_1_156' title='bbox 505 2983 664 3065; x_wconf 80' lang='lat' dir='ltr'>uniuersa,</span> <span class='ocrx_word' id='word_1_157' title='bbox 688 2982 808 3048; x_wconf 87' lang='lat' dir='ltr'>ibidem</span> <span class='ocrx_word' id='word_1_158' title='bbox 833 3001 957 3049; x_wconf 87' lang='lat' dir='ltr'>moram</span> <span class='ocrx_word' id='word_1_159' title='bbox 981 2984 1150 3050; x_wconf 82' lang='lat' dir='ltr'>trahentes</span> <span class='ocrx_word' id='word_1_160' title='bbox 1165 2981 1209 3048; x_wconf 90' lang='lat' dir='ltr'>ad</span> <span class='ocrx_word' id='word_1_161' title='bbox 1224 2982 1361 3064; x_wconf 90' lang='lat' dir='ltr'>libitum,</span> <span class='ocrx_word' id='word_1_162' title='bbox 1385 2988 1509 3050; x_wconf 88' lang='lat' dir='ltr'>etcum</span> 
     </span>
     <span class='ocr_line' id='line_1_23' title="bbox 381 3091 1242 3176; baseline 0.001 -20"><span class='ocrx_word' id='word_1_163' title='bbox 381 3091 555 3176; x_wconf 87' lang='lat' dir='ltr'>expediens</span> <span class='ocrx_word' id='word_1_164' title='bbox 572 3091 723 3172; x_wconf 79' lang='lat' dir='ltr'>viderint,</span> <span class='ocrx_word' id='word_1_165' title='bbox 740 3092 863 3157; x_wconf 85' lang='lat' dir='ltr'>exitum</span> <span class='ocrx_word' id='word_1_166' title='bbox 879 3092 1048 3159; x_wconf 84' lang='lat' dir='ltr'>obtineant</span> <span class='ocrx_word' id='word_1_167' title='bbox 1063 3091 1242 3158; x_wconf 90' lang='lat' dir='ltr'>liberalem.</span> 
     </span>
    </p>
   </div>
   <div class='ocr_carea' id='block_1_6' title="bbox 346 3233 1621 4510">
    <p class='ocr_par' dir='ltr' id='par_1_6' title="bbox 346 3233 1621 4510">
     <span class='ocr_line' id='line_1_24' title="bbox 489 3233 1511 3327; baseline 0.001 -30"><span class='ocrx_word' id='word_1_168' title='bbox 489 3235 628 3318; x_wconf 88' lang='lat' dir='ltr'>Insuper</span> <span class='ocrx_word' id='word_1_169' title='bbox 644 3255 717 3301; x_wconf 89' lang='lat' dir='ltr'>cum</span> <span class='ocrx_word' id='word_1_170' title='bbox 733 3234 862 3302; x_wconf 89' lang='lat' dir='ltr'>domiuo</span> <span class='ocrx_word' id='word_1_171' title='bbox 874 3235 958 3319; x_wconf 84' lang='lat' dir='ltr'>Regi</span> <span class='ocrx_word' id='word_1_172' title='bbox 973 3236 1073 3302; x_wconf 84' lang='lat' dir='ltr'>fuerit</span> <span class='ocrx_word' id='word_1_173' title='bbox 1088 3237 1285 3317; x_wconf 88' lang='lat' dir='ltr'>intimatum,</span> <span class='ocrx_word' id='word_1_174' title='bbox 1303 3233 1390 3327; x_wconf 87' lang='lat' dir='ltr'>quod</span> <span class='ocrx_word' id='word_1_175' title='bbox 1404 3233 1511 3315; x_wconf 81' lang='lat' dir='ltr'>aliqui</span> 
     </span>
     <span class='ocr_line' id='line_1_25' title="bbox 346 3341 1512 3411; baseline 0 -8"><span class='ocrx_word' id='word_1_176' title='bbox 346 3390 353 3403; x_wconf 93' lang='lat'>.</span> <span class='ocrx_word' id='word_1_177' title='bbox 383 3343 484 3407; x_wconf 86' lang='lat' dir='ltr'>vestri</span> <span class='ocrx_word' id='word_1_178' title='bbox 508 3342 603 3407; x_wconf 86' lang='lat' dir='ltr'>vieini</span> <span class='ocrx_word' id='word_1_179' title='bbox 628 3351 662 3408; x_wconf 89' lang='lat' dir='ltr'>et</span> <span class='ocrx_word' id='word_1_180' title='bbox 686 3343 797 3408; x_wconf 87' lang='lat' dir='ltr'>fideles</span> <span class='ocrx_word' id='word_1_181' title='bbox 823 3345 929 3409; x_wconf 87' lang='lat' dir='ltr'>solent</span> <span class='ocrx_word' id='word_1_182' title='bbox 945 3350 1059 3410; x_wconf 89' lang='lat' dir='ltr'>eontra</span> <span class='ocrx_word' id='word_1_183' title='bbox 1073 3343 1263 3411; x_wconf 90' lang='lat' dir='ltr'>Dominium</span> <span class='ocrx_word' id='word_1_184' title='bbox 1280 3351 1313 3409; x_wconf 89' lang='lat' dir='ltr'>et</span> <span class='ocrx_word' id='word_1_185' title='bbox 1329 3341 1512 3409; x_wconf 87' lang='lat' dir='ltr'>Ciuitatem</span> 
     </span>
     <span class='ocr_line' id='line_1_26' title="bbox 384 3449 1513 3538; baseline -0.004 -22"><span class='ocrx_word' id='word_1_186' title='bbox 384 3449 601 3516; x_wconf 86' lang='lat' dir='ltr'>Veneciarum</span> <span class='ocrx_word' id='word_1_187' title='bbox 628 3451 805 3536; x_wconf 88' lang='lat' dir='ltr'>aliquando</span> <span class='ocrx_word' id='word_1_188' title='bbox 830 3451 1052 3518; x_wconf 88' lang='lat' dir='ltr'>inobediencie</span> <span class='ocrx_word' id='word_1_189' title='bbox 1078 3452 1203 3538; x_wconf 85' lang='lat' dir='ltr'>erigere</span> <span class='ocrx_word' id='word_1_190' title='bbox 1229 3473 1370 3531; x_wconf 82' lang='lat' dir='ltr'>cornua3</span> <span class='ocrx_word' id='word_1_191' title='bbox 1400 3451 1513 3532; x_wconf 85' lang='lat' dir='ltr'>siquo</span> 
     </span>
     <span class='ocr_line' id='line_1_27' title="bbox 385 3557 1514 3642; baseline -0.003 -19"><span class='ocrx_word' id='word_1_192' title='bbox 385 3565 531 3641; x_wconf 91' lang='lat' dir='ltr'>tempore</span> <span class='ocrx_word' id='word_1_193' title='bbox 556 3557 723 3624; x_wconf 81' lang='lat' dir='ltr'>volueritis</span> <span class='ocrx_word' id='word_1_194' title='bbox 753 3567 868 3626; x_wconf 88' lang='lat' dir='ltr'>contra</span> <span class='ocrx_word' id='word_1_195' title='bbox 882 3560 967 3624; x_wconf 87' lang='lat' dir='ltr'>tales</span> <span class='ocrx_word' id='word_1_196' title='bbox 984 3565 1096 3627; x_wconf 86' lang='lat' dir='ltr'>nostro</span> <span class='ocrx_word' id='word_1_197' title='bbox 1113 3559 1177 3626; x_wconf 82' lang='lat' dir='ltr'>frui</span> <span class='ocrx_word' id='word_1_198' title='bbox 1193 3560 1325 3640; x_wconf 82' lang='lat' dir='ltr'>auxilio,</span> <span class='ocrx_word' id='word_1_199' title='bbox 1350 3557 1514 3642; x_wconf 86' lang='lat' dir='ltr'>promitti-</span> 
     </span>
     <span class='ocr_line' id='line_1_28' title="bbox 387 3655 1514 3752; baseline -0.004 -20"><span class='ocrx_word' id='word_1_200' title='bbox 387 3688 458 3732; x_wconf 89' lang='lat' dir='ltr'>mus</span> <span class='ocrx_word' id='word_1_201' title='bbox 473 3665 562 3732; x_wconf 83' lang='lat' dir='ltr'>vobis</span> <span class='ocrx_word' id='word_1_202' title='bbox 578 3666 617 3731; x_wconf 92' lang='lat' dir='ltr'>de</span> <span class='ocrx_word' id='word_1_203' title='bbox 633 3674 730 3751; x_wconf 81' lang='lat' dir='ltr'>gente</span> <span class='ocrx_word' id='word_1_204' title='bbox 748 3673 859 3734; x_wconf 85' lang='lat' dir='ltr'>nostra</span> <span class='ocrx_word' id='word_1_205' title='bbox 870 3655 1064 3752; x_wconf 84' lang='lat' dir='ltr'>quingentos</span> <span class='ocrx_word' id='word_1_206' title='bbox 1075 3675 1218 3734; x_wconf 82' lang='lat' dir='ltr'>armatos</span> <span class='ocrx_word' id='word_1_207' title='bbox 1229 3669 1366 3751; x_wconf 85' lang='lat' dir='ltr'>equites,</span> <span class='ocrx_word' id='word_1_208' title='bbox 1381 3665 1514 3748; x_wconf 89' lang='lat' dir='ltr'>quando</span> 
     </span>
     <span class='ocr_line' id='line_1_29' title="bbox 385 3773 1516 3860; baseline 0 -22"><span class='ocrx_word' id='word_1_209' title='bbox 385 3781 419 3838; x_wconf 89' lang='lat' dir='ltr'>ct</span> <span class='ocrx_word' id='word_1_210' title='bbox 442 3774 726 3858; x_wconf 84' lang='lat' dir='ltr'>quocienscunque</span> <span class='ocrx_word' id='word_1_211' title='bbox 752 3776 926 3860; x_wconf 85' lang='lat' dir='ltr'>expediens</span> <span class='ocrx_word' id='word_1_212' title='bbox 941 3775 1097 3857; x_wconf 89' lang='lat' dir='ltr'>videritis,</span> <span class='ocrx_word' id='word_1_213' title='bbox 1124 3779 1157 3842; x_wconf 91' lang='lat' dir='ltr'>iu</span> <span class='ocrx_word' id='word_1_214' title='bbox 1174 3782 1319 3842; x_wconf 83' lang='lat' dir='ltr'>vestrum</span> <span class='ocrx_word' id='word_1_215' title='bbox 1335 3773 1516 3840; x_wconf 89' lang='lat' dir='ltr'>subsidium</span> 
     </span>
     <span class='ocr_line' id='line_1_30' title="bbox 386 3880 1519 3969; baseline -0.004 -20"><span class='ocrx_word' id='word_1_216' title='bbox 386 3881 560 3961; x_wconf 88' lang='lat' dir='ltr'>destinare,</span> <span class='ocrx_word' id='word_1_217' title='bbox 585 3883 685 3948; x_wconf 87' lang='lat' dir='ltr'>etiam</span> <span class='ocrx_word' id='word_1_218' title='bbox 710 3885 739 3948; x_wconf 91' lang='lat' dir='ltr'>si</span> <span class='ocrx_word' id='word_1_219' title='bbox 763 3884 806 3949; x_wconf 89' lang='lat' dir='ltr'>ad</span> <span class='ocrx_word' id='word_1_220' title='bbox 830 3890 941 3968; x_wconf 89' lang='lat' dir='ltr'>partes</span> <span class='ocrx_word' id='word_1_221' title='bbox 957 3890 1177 3969; x_wconf 87' lang='lat' dir='ltr'>opportunum</span> <span class='ocrx_word' id='word_1_222' title='bbox 1192 3883 1293 3950; x_wconf 87' lang='lat' dir='ltr'>suerit</span> <span class='ocrx_word' id='word_1_223' title='bbox 1307 3880 1519 3958; x_wconf 82' lang='lat' dir='ltr'>Lomberdie,</span> 
     </span>
     <span class='ocr_line' id='line_1_31' title="bbox 386 3988 1517 4078; baseline -0.003 -22"><span class='ocrx_word' id='word_1_224' title='bbox 386 3989 509 4056; x_wconf 88' lang='lat' dir='ltr'>domini</span> <span class='ocrx_word' id='word_1_225' title='bbox 525 3988 628 4075; x_wconf 85' lang='lat' dir='ltr'>Regis</span> <span class='ocrx_word' id='word_1_226' title='bbox 644 3993 825 4074; x_wconf 89' lang='lat' dir='ltr'>sumptibus</span> <span class='ocrx_word' id='word_1_227' title='bbox 842 4001 875 4059; x_wconf 91' lang='lat' dir='ltr'>et</span> <span class='ocrx_word' id='word_1_228' title='bbox 891 3995 1058 4078; x_wconf 82' lang='lat' dir='ltr'>expensis3</span> <span class='ocrx_word' id='word_1_229' title='bbox 1090 3999 1123 4058; x_wconf 91' lang='lat' dir='ltr'>et</span> <span class='ocrx_word' id='word_1_230' title='bbox 1139 3993 1249 4075; x_wconf 87' lang='lat' dir='ltr'>etiam,</span> <span class='ocrx_word' id='word_1_231' title='bbox 1274 3993 1303 4057; x_wconf 89' lang='lat' dir='ltr'>si</span> <span class='ocrx_word' id='word_1_232' title='bbox 1318 4010 1390 4057; x_wconf 86' lang='lat' dir='ltr'>oum</span> <span class='ocrx_word' id='word_1_233' title='bbox 1406 3995 1517 4054; x_wconf 85' lang='lat' dir='ltr'>vestro</span> 
     </span>
     <span class='ocr_line' id='line_1_32' title="bbox 387 4096 1518 4185; baseline 0 -24"><span class='ocrx_word' id='word_1_234' title='bbox 387 4096 487 4164; x_wconf 86' lang='lat' dir='ltr'>fuerit</span> <span class='ocrx_word' id='word_1_235' title='bbox 512 4098 655 4181; x_wconf 85' lang='lat' dir='ltr'>comodo,</span> <span class='ocrx_word' id='word_1_236' title='bbox 681 4100 903 4182; x_wconf 87' lang='lat' dir='ltr'>promittimus</span> <span class='ocrx_word' id='word_1_237' title='bbox 919 4102 1136 4185; x_wconf 86' lang='lat' dir='ltr'>personaliter</span> <span class='ocrx_word' id='word_1_238' title='bbox 1152 4123 1224 4166; x_wconf 91' lang='lat' dir='ltr'>eum</span> <span class='ocrx_word' id='word_1_239' title='bbox 1241 4105 1355 4166; x_wconf 87' lang='lat' dir='ltr'>nostro</span> <span class='ocrx_word' id='word_1_240' title='bbox 1371 4097 1518 4164; x_wconf 81' lang='lat' dir='ltr'>exercitu</span> 
     </span>
     <span class='ocr_line' id='line_1_33' title="bbox 388 4206 1517 4276; baseline 0.001 -5"><span class='ocrx_word' id='word_1_241' title='bbox 388 4207 422 4271; x_wconf 92' lang='lat' dir='ltr'>in</span> <span class='ocrx_word' id='word_1_242' title='bbox 438 4211 582 4272; x_wconf 77' lang='lat' dir='ltr'>vestrum</span> <span class='ocrx_word' id='word_1_243' title='bbox 607 4207 755 4272; x_wconf 78' lang='lat' dir='ltr'>iuvamen</span> <span class='ocrx_word' id='word_1_244' title='bbox 772 4213 804 4272; x_wconf 90' lang='lat' dir='ltr'>et</span> <span class='ocrx_word' id='word_1_245' title='bbox 819 4208 977 4274; x_wconf 83' lang='lat' dir='ltr'>auxilium</span> <span class='ocrx_word' id='word_1_246' title='bbox 993 4209 1157 4275; x_wconf 89' lang='lat' dir='ltr'>interesse.</span> <span class='ocrx_word' id='word_1_247' title='bbox 1186 4209 1233 4276; x_wconf 82' lang='lat' dir='ltr'>Et</span> <span class='ocrx_word' id='word_1_248' title='bbox 1249 4208 1276 4272; x_wconf 92' lang='lat' dir='ltr'>si</span> <span class='ocrx_word' id='word_1_249' title='bbox 1292 4229 1370 4274; x_wconf 86' lang='lat' dir='ltr'>casu</span> <span class='ocrx_word' id='word_1_250' title='bbox 1385 4206 1517 4272; x_wconf 87' lang='lat' dir='ltr'>interci-</span> 
     </span>
     <span class='ocr_line' id='line_1_34' title="bbox 390 4312 1621 4399; baseline 0.001 -21"><span class='ocrx_word' id='word_1_251' title='bbox 390 4312 489 4378; x_wconf 88' lang='lat' dir='ltr'>dente</span> <span class='ocrx_word' id='word_1_252' title='bbox 504 4320 614 4378; x_wconf 84' lang='lat' dir='ltr'>vestro</span> <span class='ocrx_word' id='word_1_253' title='bbox 630 4315 850 4398; x_wconf 84' lang='lat' dir='ltr'>indigeremus</span> <span class='ocrx_word' id='word_1_254' title='bbox 865 4316 997 4396; x_wconf 86' lang='lat' dir='ltr'>auxilio,</span> <span class='ocrx_word' id='word_1_255' title='bbox 1014 4318 1042 4383; x_wconf 89' lang='lat' dir='ltr'>si</span> <span class='ocrx_word' id='word_1_256' title='bbox 1058 4339 1130 4384; x_wconf 88' lang='lat' dir='ltr'>cum</span> <span class='ocrx_word' id='word_1_257' title='bbox 1146 4322 1253 4383; x_wconf 86' lang='lat' dir='ltr'>vestro</span> <span class='ocrx_word' id='word_1_258' title='bbox 1263 4314 1465 4399; x_wconf 79' lang='lat' dir='ltr'>beneplacito</span> <span class='ocrx_word' id='word_1_259' title='bbox 1482 4325 1517 4379; x_wconf 86' lang='lat' dir='ltr'>et</span> <span class='ocrx_word' id='word_1_260' title='bbox 1620 4361 1621 4366; x_wconf 18' lang='grc' dir='ltr'>η</span> 
     </span>
     <span class='ocr_line' id='line_1_35' title="bbox 386 4404 1515 4510; baseline 0.001 -23"><span class='ocrx_word' id='word_1_261' title='bbox 386 4421 472 4487; x_wconf 90' lang='lat' dir='ltr'>bono</span> <span class='ocrx_word' id='word_1_262' title='bbox 488 4420 622 4488; x_wconf 87' lang='lat' dir='ltr'>comodo</span> <span class='ocrx_word' id='word_1_263' title='bbox 638 4421 709 4488; x_wconf 80' lang='lat' dir='ltr'>lieri</span> <span class='ocrx_word' id='word_1_264' title='bbox 724 4424 846 4508; x_wconf 89' lang='lat' dir='ltr'>poterit</span> <span class='ocrx_word' id='word_1_265' title='bbox 861 4423 1003 4508; x_wconf 80' lang='lat' dir='ltr'>liber-uli,</span> <span class='ocrx_word' id='word_1_266' title='bbox 1029 4425 1117 4510; x_wconf 92' lang='lat' dir='ltr'>quod</span> <span class='ocrx_word' id='word_1_267' title='bbox 1131 4426 1236 4510; x_wconf 87' lang='lat' dir='ltr'>ipsum</span> <span class='ocrx_word' id='word_1_268' title='bbox 1253 4423 1380 4489; x_wconf 84' lang='lat' dir='ltr'>avobis</span> <span class='ocrx_word' id='word_1_269' title='bbox 1396 4404 1515 4489; x_wconf 71' lang='lat' dir='ltr'>emica-</span> 
     </span>
    </p>
   </div>
   <div class='ocr_carea' id='block_1_7' title="bbox 384 4531 1446 4626">
    <p class='ocr_par' dir='ltr' id='par_1_7' title="bbox 384 4531 1446 4626">
     <span class='ocr_line' id='line_1_36' title="bbox 384 4531 1446 4626; baseline -0.004 -24"><span class='ocrx_word' id='word_1_270' title='bbox 384 4531 495 4602; x_wconf 87' lang='lat' dir='ltr'>biliter</span> <span class='ocrx_word' id='word_1_271' title='bbox 512 4535 725 4626; x_wconf 83' lang='lat' dir='ltr'>postulemus,</span> <span class='ocrx_word' id='word_1_272' title='bbox 741 4542 909 4624; x_wconf 84' lang='lat' dir='ltr'>tamquam</span> <span class='ocrx_word' id='word_1_273' title='bbox 925 4559 945 4606; x_wconf 87' lang='lat' dir='ltr'>a</span> <span class='ocrx_word' id='word_1_274' title='bbox 961 4538 1084 4604; x_wconf 88' lang='lat' dir='ltr'>nostris</span> <span class='ocrx_word' id='word_1_275' title='bbox 1102 4535 1260 4626; x_wconf 85' lang='lat' dir='ltr'>proximis</span> <span class='ocrx_word' id='word_1_276' title='bbox 1276 4541 1309 4606; x_wconf 81' lang='lat' dir='ltr'>et</span> <span class='ocrx_word' id='word_1_277' title='bbox 1325 4532 1446 4602; x_wconf 86' lang='lat' dir='ltr'>amicis.</span> 
     </span>
    </p>
   </div>
   <div class='ocr_carea' id='block_1_8' title="bbox 0 0 1646 5236">
    <p class='ocr_par' dir='ltr' id='par_1_8' title="bbox 0 0 1646 5236">
     <span class='ocr_line' id='line_1_37' title="bbox 0 0 1646 5236; baseline 0 0"><span class='ocrx_word' id='word_1_278' title='bbox 0 0 1646 5236; x_wconf 95' lang='lat' dir='ltr'> </span> 
     </span>
    </p>
   </div>
  </div>
 </body>
</html>
