3174 5236
448 287 510 364 14'2
800 320 1033 370 nrrnounczmr
1058 299 1227 372 smenon.

444 480 625 561 protegatis
649 487 683 544 vt
701 486 823 561 nostra,
838 503 903 546 non
919 484 1150 566 permittentes,
1165 471 1329 567 quod'per
1344 485 1473 568 aliquos,
1486 483 1541 570 qui·

444 585 501 666 qui
526 585 599 668 sint,
620 583 742 652 Comiti
757 588 886 670 prefato
902 591 937 653 in
952 591 1020 654 illis
1036 589 1196 656 inferatur
1210 592 1340 672 iniuria,
1355 593 1493 658 turbatio
1506 592 1544 658 rel

442 691 581 773 offensa3
604 696 726 777 scituri,
751 697 838 778 qnod
847 698 1045 763 ascribemus
1055 705 1089 765 et
1106 699 1339 783 imputabimus
1355 702 1455 786 nobis,
1469 701 1541 783 quic·

445 799 525 882 quid
549 800 637 865 dicto
662 800 781 866 Comiti
806 803 998 886 conferetur,
1018 812 1051 871 et
1070 827 1107 872 eo
1123 809 1228 890 magis
1243 806 1335 873 vobis
1352 808 1395 873 ad
1411 814 1498 892 grato
1511 814 1545 871 te·

444 908 598 990 nebimur,
625 929 690 989 quo
714 913 907 993 propensius
926 912 1077 982 tenebitis
1103 913 1224 980 Comiti
1240 921 1428 981 memorato.
1444 916 1545 980 Datum

443 1012 585 1097 Neapoli
609 1038 693 1080 anno
719 1015 853 1124 Domini
878 1027 938 1084 etc.
963 1019 1030 1086 XI.
1055 1022 1210 1104 Januarij
1236 1019 1343 1086 XIIL
1370 1020 1546 1086 indictionis.

551 1178 586 1238 (Α
602 1178 685 1240 »Reg.
700 1179 849 1243 Angioiui«
865 1180 896 1234 B.
912 1185 1004 1231 9‘1.sa.
1024 1182 1092 1247 Bag.
1106 1183 1202 1232 Karoli
1216 1182 1252 1232 11.
1266 1184 1325 1232 kot.
1342 1187 1400 1232 153.
1414 1185 1471 1244 lev,
1489 1181 1545 1242 no.)

926 1357 961 1364 —.
976 1357 1081 1364 ——---

968 1539 1042 1602 173.

570 1699 700 1785 Gydrpy
715 1721 815 1764 comcs
831 1696 1118 1783 Horudtorozdpbdl
1134 1697 1330 1764 Sicilioban.
1348 1701 1442 1764 1300.

548 1855 712 1940 Scriptum
736 1863 785 1922 est
807 1855 1170 1939 sustitiarijsfiecretis,
1190 1857 1418 1938 Vicesecretis,
1434 1855 1539 1938 Megis-

440 1962 501 2028 tris
527 1961 716 2028 Portulanis
741 1971 775 2028 et
791 1964 1074 2046 Procuratoribus,
1089 1963 1274 2047 ceterisque
1284 1961 1484 2028 Officialibus
1497 1981 1543 2043 per

438 2076 551 2150 partes
565 2067 687 2152 Apulie
712 2071 895 2134 constitutis
910 2077 978 2136 tam
993 2070 1197 2154 presentibus
1215 2090 1315 2150 quam
1331 2068 1448 2134 futuris
1462 2065 1545 2131 fideli-

438 2174 499 2240 bus
526 2177 593 2241 suis
612 2182 671 2240 etc.

546 2282 633 2366 Quia
651 2284 700 2348 vir
719 2283 837 2349 nobilis
865 2282 980 2349 Comes
1007 2283 1171 2367 Georgius
1187 2284 1226 2350 de
1243 2282 1403 2348 Ohroatia
1426 2281 1544 2346 dilectus

438 2389 532 2454 miles
543 2397 576 2453 et
600 2390 770 2455 familiaris
789 2397 901 2456 nostor
918 2413 956 2456 ac
971 2391 1097 2472 Regino
1113 2391 1273 2457 consortis
1303 2396 1414 2456 nostre
1430 2407 1544 2453 conson-

438 2497 575 2577 guineus
592 2505 625 2562 et
635 2497 751 2579 tidelis,
770 2498 874 2562 ardua
890 2499 1081 2581 plerumque
1097 2499 1230 2580 negotia
1245 2504 1360 2562 nostra
1374 2517 1493 2579 gerens,
1506 2496 1542 2558 irc

438 2603 666 2686 commictitur,
682 2613 715 2670 et
729 2605 917 2686 requirendi
942 2627 1023 2689 opus
1048 2606 1155 2689 habet,
1179 2627 1218 2670 ac
1242 2603 1405 2668 interdum
1421 2623 1544 2668 nonnon-

438 2730 534 2792 quam
559 2711 692 2777 mictere
716 2734 774 2796 per
799 2734 1147 2796 ma1·e,nonnunquam
1171 2718 1204 2777 et
1223 2713 1393 2778 remittere
1417 2710 1540 2783 nuncios,

435 2823 535 2899 prout
561 2823 794 2901 emergentium
820 2821 997 2902 qualitates
1022 2827 1217 2904 exposcnnt;
1234 2818 1388 2884 fidelitati
1402 2823 1498 2884 vestre
1510 2815 1541 2878 do

437 2929 526 2990 certa
551 2935 665 2992 nostra
684 2929 822 2992 scientia
841 2928 1036 3010 precipimus
1052 2935 1086 2992 et
1100 2948 1252 3010 expresse
1267 2927 1464 3005 mandamur,
1478 2943 1541 3005 qua

436 3039 540 3099 temus
553 3033 718 3100 Comitum
735 3034 818 3120 (igy)
834 3033 1048 3100 Prudentium
1065 3035 1108 3100 de
1122 3033 1247 3102 Barolo
1263 3033 1392 3099 fidelem
1407 3039 1540 3104 nostrum,

437 3160 533 3221 quem
559 3141 620 3205 sibi
645 3140 761 3206 Comes
777 3144 846 3224 ipse
863 3149 961 3225 prout
975 3142 1090 3206 ducem
1105 3140 1205 3224 elegit
1219 3141 1263 3205 ad
1278 3139 1460 3206 huiusmodi
1482 3136 1541 3200 mu·

435 3248 549 3330 sienae,
559 3269 631 3313 cum
641 3248 769 3313 duabus
784 3250 892 3314 bareis
924 3250 990 3314 suis
1006 3231 1063 3331 ire,
1077 3250 1199 3314 morari
1216 3255 1249 3313 et
1262 3247 1370 3313 redire
1385 3253 1539 3331 propterea

435 3351 579 3419 iibereet
589 3355 658 3418 sine
673 3356 824 3421 molestia
839 3355 983 3439 qualibet
998 3357 1234 3438 permictentes,
1245 3355 1369 3419 dictum
1388 3353 1537 3420 Comitum

434 3465 491 3525 aut
505 3464 622 3528 barcas
638 3462 767 3527 casdem
783 3468 934 3545 pretextu
950 3463 1132 3545 aliquorum
1149 3463 1358 3527 seruitiorum
1374 3459 1467 3526 Ourie
1481 3477 1538 3521 nos·

434 3575 493 3649 tre,
503 3592 669 3653 quecunqe
680 3573 753 3652 sint,
763 3571 951 3638 nullatenus¹
964 3569 1121 3652 impedire
1130 3569 1309 3653 temptetis,
1317 3569 1466 3634 marrdato
1476 3583 1538 3647 quo·

434 3696 561 3759 cunque
572 3678 715 3758 generali
725 3677 890 3742 contrario
902 3696 966 3739 non
982 3677 1145 3742 obstante.
1160 3677 1215 3741 Ita
1231 3677 1319 3758 quod
1336 3678 1464 3742 ulterius
1477 3669 1538 3736 inde

434 3783 524 3850 vobis
541 3787 681 3852 scribere
692 3807 756 3848 non
766 3805 938 3866 cogamur;
954 3784 1166 3866 presentibus,
1177 3804 1259 3866 quas
1270 3785 1400 3850 restitui
1415 3783 1538 3848 volumus

433 3893 642 3975 presentanti‚
652 3900 725 3976 post
736 3914 853 3958 annum
873 3913 968 3954 vnum
978 3891 1109 3954 minime
1119 3891 1280 3956 valituris.
1289 3891 1415 3957 Datum
1429 3887 1537 3968 Neapo-

435 3999 459 4062 li
489 3999 555 4063 XL
572 3999 724 4084 Januarij
742 3999 846 4064 XIII.
862 3997 1062 4062 indictionis.

543 4161 578 4222 (Α
594 4161 678 4224 »Reg.
689 4161 838 4225 Angioini«
852 4161 888 4209 X.
904 4164 961 4208 105.
985 4174 1021 4209 oz.
1036 4161 1104 4225 Bag.
1118 4159 1215 4210 Karoli
1229 4161 1266 4210 11.
1280 4162 1339 4210 ket.
1356 4163 1411 4210 155.
1421 4161 1455 4222 1.;
1475 4172 1495 4205 u.
1506 4153 1536 4211 ⁰·)

915 4371 1074 4384 m
