3244 5236
328 387 394 455 414
681 399 914 460 nirrrrituczmi
933 387 1099 453 nunlmnu.

327 575 410 646 cato,
438 569 481 634 ad
498 568 596 635 talem
613 567 865 646 conventionem
891 570 1106 652 concordiam,
1132 572 1282 636 unionem
1299 578 1331 636 et
1347 565 1455 638 conle-

327 676 529 741 derationem
545 675 740 740 unanimiter
757 676 965 758 devenerunt,
980 676 1151 741 videlicet:

435 781 533 866 Quod
558 783 665 848 dictus
690 783 839 848 dominus
865 784 982 849 Comes
997 783 1212 850 Budisclauus
1228 794 1262 851 et
1279 783 1459 871 Gregorius

327 891 448 956 debent
462 889 645 954 deffendere
662 896 694 954 et
711 897 908 971 quarentare
919 892 1094 957 Ciuitatem
1111 898 1145 956 et
1153 891 1299 961 homines
1320 892 1459 960 Sibinici

328 1007 361 1064 et
378 1003 447 1065 eius
463 1001 653 1076 Districtus,
680 1007 713 1064 et
728 999 894 1082 quoslibet
910 1002 1057 1066 homines
1073 1003 1228 1084 ipsorum,
1254 1025 1306 1068 res
1323 1010 1356 1067 et
1371 1002 1459 1068 bona

328 1111 472 1192 ipsorum
489 1117 604 1174 contra
620 1108 804 1192 quamlibet
819 1129 992 1191 personam
1007 1116 1077 1175 toto
1094 1131 1151 1175 suo
1167 1131 1263 1194 posse
1280 1112 1398 1194 ubique
1410 1111 1459 1176 lo·

328 1237 439 1282 corum
462 1217 513 1281 ita
537 1222 569 1280 et
594 1215 715 1294 taliter,
739 1215 827 1298 quod
852 1215 998 1280 inimicos
1024 1217 1110 1281 dicte
1136 1217 1292 1282 Ciuitatis
1318 1216 1458 1282 Sibinici

327 1323 451 1388 domini
467 1321 584 1387 Comes
599 1321 818 1387 Budisclanus
844 1327 877 1386 et
894 1320 1074 1405 Gregorius
1091 1324 1269 1404 habebunt,
1296 1323 1456 1389 tenebunt

328 1440 360 1496 et
377 1429 568 1496 tractabunt
583 1451 643 1512 pro
660 1430 797 1493 inimicis
808 1432 884 1511 saie,
898 1435 967 1495 tam
982 1431 1015 1494 in
1026 1431 1188 1496 Districtu
1199 1431 1283 1495 dicte
1293 1431 1458 1510 Ciuitatis,

330 1559 427 1620 quam
444 1543 544 1618 extra,
560 1543 631 1602 toto
648 1557 705 1601 suo
721 1557 825 1618 posse,
841 1523 1008 1616 bonafide,
1024 1539 1092 1602 sine
1101 1537 1235 1618 fraude3
1252 1559 1301 1602 ex
1311 1561 1328 1603 c
1340 1561 1356 1602 e
1366 1539 1459 1621 ptis

329 1645 489 1729 Regem
514 1643 725 1726 Vngarie,
749 1651 779 1707 et
805 1644 958 1710 subiectis
984 1649 1018 1710 et
1042 1644 1192 1710 fidelibus
1217 1646 1339 1710 domini
1354 1645 1458 1711 Ducis

329 1753 558 1833 Veneciarum,
582 1772 646 1816 non
672 1750 906 1833 preiudicando
932 1758 1106 1834 propterea
1131 1752 1228 1817 alicui
1245 1754 1357 1818 unioni
1371 1754 1461 1820 facte

331 1882 389 1943 per
406 1879 461 1923 eos
478 1877 551 1921 cum
567 1856 733 1937 aliquibus
744 1857 902 1938 personis.
919 1855 1066 1921 Predicti
1076 1879 1153 1922 vero
1164 1859 1315 1925 dominus
1325 1859 1459 1925 Murcus

331 1967 534 2033 Foscarenns
551 1964 679 2042 Comes
704 1965 729 2030 J
731 1964 841 2030 udices
858 1970 891 2029 et
907 1961 1094 2044 Consilium,
1119 1987 1159 2030 ac
1174 1967 1324 2033 dominus
1340 1969 1460 2034 Helias

330 2076 473 2141 sindicus
490 2080 523 2138 et
538 2073 716 2136 sindioario
733 2072 860 2135 nomine
877 2071 1015 2154 predicti
1033 2071 1221 2138 Communis
1247 2073 1460 2141 Sibinicensis

330 2193 364 2250 et
379 2183 612 2252 Vniuersitatis
637 2186 670 2244 et
684 2179 851 2243 hominum
868 2179 952 2243 dicte
971 2178 1125 2245 Ciuitatis
1142 2181 1262 2246 debent
1278 2203 1348 2247 esse
1365 2185 1461 2250 amici

332 2290 481 2359 benevoli
497 2289 656 2354 dictorum
670 2286 874 2352 dominorum
885 2285 1049 2351 Comitum
1058 2288 1249 2353 Budisclaui
1261 2295 1294 2355 et
1304 2289 1460 2374 Gregorii

331 2407 363 2464 et
379 2419 510 2464 suorum
526 2395 701 2475 hominnm,
727 2400 758 2458 et
774 2395 821 2458 eis
838 2392 916 2458 dere
942 2395 1121 2474 consilium,
1147 2395 1304 2461 auxilium
1320 2408 1353 2464 et
1369 2398 1458 2463 favo-

331 2529 399 2573 rem
424 2513 495 2570 toto
521 2524 578 2568 suo
605 2521 709 2585 posse,
734 2502 820 2567 bona
835 2499 899 2566 fide
912 2508 946 2567 et
963 2503 1032 2566 sine
1049 2503 1163 2568 fraude
1179 2513 1294 2570 contra
1310 2529 1384 2572 suos
1399 2508 1463 2571 ini-

331 2615 440 2696 micos,
450 2610 626 2679 secundum
636 2610 761 2692 negocii
777 2610 1077 2694 qualitatemprout
1086 2611 1200 2677 melius
1211 2613 1377 2679 videbitur
1387 2614 1463 2680 don-

329 2724 504 2790 venireAElt
517 2720 663 2786 inimicos
681 2719 842 2784 dictorum
858 2719 1064 2784 dominorum
1084 2719 1248 2787 Comitum
1271 2722 1464 2788 Budisclari

330 2842 363 2899 et
389 2829 544 2913 Gregorii
573 2827 749 2908 habebunt,
774 2826 932 2892 tenebunt
963 2833 996 2890 et
1019 2831 1211 2895 tractabunt
1236 2852 1296 2913 pro
1323 2832 1464 2896 inimicis

331 2941 406 3023 suis,
431 2937 576 3020 exceptis
602 2935 732 3000 domino
759 2933 850 3018 Rege
875 2941 909 3000 et
934 2934 1090 3001 subiectis
1117 2944 1149 3001 et
1168 2938 1322 3004 fidelibus
1338 2940 1465 3004 domini

330 3049 431 3116 Ducis
448 3045 673 3125 Veneoiarum‚
699 3065 762 3106 non
787 3043 1020 3126 preiudicando
1046 3051 1222 3127 propterea
1238 3046 1336 3111 alicui
1353 3048 1469 3113 unioni

330 3157 415 3222 facte
440 3178 513 3220 cum
539 3152 702 3235 aliquibus
727 3153 881 3235 personis,
898 3151 944 3216 Et
960 3153 1144 3234 predictum
1161 3154 1317 3220 auxilium
1336 3157 1417 3221 dare
1432 3163 1469 3220 et

331 3270 477 3348 prestare
509 3267 662 3328 tenentur
680 3259 883 3324 solummodo
901 3261 934 3324 in
967 3261 1115 3343 partibus
1148 3260 1332 3344 Scleuonie,
1351 3271 1383 3328 et
1403 3266 1469 3329 hoc

333 3370 538 3452 intelligetur
554 3368 764 3448 solummodo,
781 3368 910 3449 qnando
927 3367 1005 3432 dicti
1030 3368 1170 3451 predicti
1197 3369 1321 3434 domini
1346 3369 1468 3438 Comes

332 3475 548 3542 Budisclavus
576 3481 610 3540 et
636 3473 817 3558 Gregorius
842 3477 894 3540 vel
920 3497 1033 3540 eorum
1058 3477 1144 3542 alter
1164 3477 1385 3559 personaliter
1402 3479 1470 3542 iret

334 3593 449 3653 contra
474 3604 549 3650 suos
575 3584 732 3666 inimicos,
759 3583 855 3647 aliter
874 3606 948 3648 non.
963 3585 1011 3649 Et
1027 3585 1054 3649 si
1071 3586 1283 3668 contingeret,
1301 3584 1470 3669 predictos

335 3693 482 3760 dominos
514 3692 659 3759 Comites
691 3691 927 3756 Budisolavum
959 3696 993 3756 et
1022 3690 1221 3774 Gregorium
1253 3693 1304 3758 rel
1337 3699 1469 3776 gentem

333 3821 423 3866 snam
448 3820 578 3865 morere
603 3820 755 3882 guerram
780 3819 837 3862 seu
862 3797 1110 3866 derobationem
1136 3799 1234 3865 alicui
1251 3822 1398 3884 persone,
1416 3801 1469 3865 rel

335 3905 592 3975 Vniuersitatem
609 3906 714 3970 facere
735 3907 856 3989 absque
872 3904 1038 3971 voluntate
1055 3914 1088 3972 et
1106 3929 1266 3974 consensu
1282 3915 1315 3972 et
1332 3909 1474 3990 requisi-

333 4015 421 4082 tione
446 4015 583 4100 predicti
608 4013 730 4078 domini
740 4010 880 4078 Comitis
901 4011 1114 4082 Sibinicensis
1125 4023 1158 4081 et
1169 4017 1369 4096 Communis,
1385 4015 1475 4099 quod

333 4121 476 4208 predicti
500 4122 651 4187 dominus
676 4117 794 4184 Comes
821 4119 1034 4188 Sibinicensis
1051 4129 1085 4188 et
1101 4145 1269 4191 commune
1285 4123 1476 4208 predictum

335 4229 492 4295 auxilium
509 4229 588 4295 dare
605 4250 663 4294 seu
677 4234 826 4312 prestare
842 4229 975 4294 minime
990 4237 1175 4296 teneantur.

441 4337 525 4401 Item
550 4337 583 4406 si,
603 4337 810 4418 contingerit,
827 4335 913 4418 quod
929 4337 1065 4422 aliquod
1081 4337 1246 4418 damnum,
1262 4336 1397 4404 robaria
1417 4357 1478 4403 seu

335 4443 445 4526 quevis
471 4441 605 4508 offensio
615 4442 708 4508 fieret
723 4440 909 4508 hominibus
925 4439 1080 4510 Ciuitatis
1097 4442 1238 4512 Sibiniei
1263 4449 1295 4509 et
1311 4444 1381 4510 eius
1397 4443 1478 4512 Dis·

334 4548 459 4627 trionis,
469 4570 668 4634 quecunque,
687 4556 720 4614 et
734 4550 875 4632 predicti
891 4551 1016 4616 domiui
1033 4549 1180 4618 Comites
1195 4552 1417 4618 Budisolavus
1447 4561 1481 4618 et
