3222 5240
1345 19 1595 150 ¹·-

1372 183 1379 213 l

367 388 431 451 340
718 403 951 448 nrrnounczmr
968 390 1137 448 ausurus.

362 565 510 632 caudam.
536 563 622 629 Item
647 562 736 646 quod
759 559 895 644 (linitas,
920 563 984 628 sive
1008 561 1143 629 Judices
1175 561 1320 628 ordinati
1339 583 1489 646 peream,

364 673 504 740 debeant
520 672 634 738 sedere
650 693 770 758 omneS,
779 671 829 736 vel
845 671 910 737 duo
926 673 1081 756 ipsorum,
1091 671 1217 737 duobus
1232 670 1348 737 diebus
1364 673 1399 736 in
1415 673 1487 738 heb-

365 781 516 864 domada,
541 781 693 846 videlicet
718 782 795 846 lune
820 787 854 846 et
880 779 1029 860 Ssbbati,
1055 780 1106 846 vel
1131 780 1222 860 aliua,
1246 780 1290 844 ad
1315 780 1489 845 redendum

364 891 525 955 rationem
546 888 701 970 Venetis;
731 911 804 954 cum
833 889 896 959 hac
924 888 1121 970 conditione,
1149 888 1236 972 quod
1261 888 1289 952 si
1306 886 1428 955 Veneti
1450 887 1490 953 ad

365 1000 567 1080 questionem
592 1005 704 1064 autem
720 998 868 1063 venerint
884 1017 996 1062 coram
1011 998 1036 1063 J
1038 995 1196 1078 udicibus,
1213 1016 1311 1078 quam
1327 999 1415 1061 ciues
1431 993 1490 1061 (la-

364 1106 474 1186 tarini‚
485 1113 561 1172 ante
574 1106 713 1172 debeant
723 1105 849 1187 audiri;
865 1112 899 1170 et
915 1105 942 1169 si
952 1111 1104 1189 preterea
1119 1103 1200 1170 dicti
1215 1103 1353 1169 dedices
1369 1125 1423 1170 eos
1439 1126 1491 1168 au·

366 1214 435 1277 dire
451 1211 804 1296 teneantur,'inden0n
814 1214 961 1278 valentes
973 1210 1125 1278 recedere
1140 1235 1161 1277 a
1176 1211 1319 1296 Judicio,
1329 1233 1492 1296 quousque

367 1319 569 1386 Venetorum
598 1323 786 1405 questiones
814 1342 879 1386 non
907 1320 1081 1401 audierint,
1109 1318 1309 1401 diffiniendo,
1337 1328 1374 1384 ut
1398 1319 1494 1384 fuerit

365 1430 522 1510 possibile
539 1438 573 1495 et
589 1431 820 1496 iustitiecasus
839 1427 998 1509 suadebit,
1008 1427 1097 1512 quod
1115 1449 1173 1510 per
1197 1449 1272 1492 suos
1287 1428 1424 1494 Judices
1447 1426 1494 1492 rel

365 1539 522 1604 maiorem
547 1547 675 1622 partem
700 1559 812 1604 eornm
838 1537 888 1602 ius
913 1537 1087 1602 summarie
1114 1535 1207 1602 reddi
1229 1535 1348 1600 debeat
1361 1535 1494 1604 Venetis

365 1644 450 1709 infra
476 1646 545 1712 dics
570 1646 758 1727 quindecim
783 1645 826 1710 ad
852 1645 933 1728 plus,
957 1648 1131 1727 postquam
1157 1644 1283 1726 questio
1315 1663 1426 1708 coram
1449 1647 1494 1726 ip-

365 1754 410 1816 sis
435 1759 526 1817 mota
551 1753 616 1815 sire
642 1754 771 1835 incepta
795 1751 903 1817 fuerit.
930 1752 1015 1816 Item
1032 1751 1164 1834 quodsi
1181 1751 1302 1834 aliquis
1320 1750 1494 1816 Catarinus

366 1860 494 1925 debitor
520 1861 641 1928 Veneti
665 1859 766 1925 fuerit
791 1861 825 1924 in
851 1858 1032 1939 Solemnis,
1054 1858 1203 1924 ridelicet
1218 1881 1277 1941 per
1292 1865 1397 1924 totum
1414 1859 1493 1941 regi-

366 1989 439 2032 men
455 1967 586 2049 Rascie,
602 1975 633 2033 et
650 1991 714 2035 uon
731 1968 838 2033 soluto
849 1968 936 2033 infra
950 1967 1126 2032 terminum
1141 1967 1175 2031 in
1189 1967 1407 2031 instrumento
1423 1987 1492 2031 con-

365 2081 492 2142 tentum
519 2077 646 2144 Veneto
664 2076 864 2160 supradicto,
881 2076 969 2159 quod
985 2075 1123 2141 Judices
1139 2075 1203 2140 duo
1220 2075 1364 2154 veltres,
1389 2075 1493 2157 requi·

366 2185 421 2248 siti
447 2182 489 2249 ab
505 2184 576 2266 ipso
593 2183 730 2264 Veneto,
746 2184 887 2250 debeant
902 2163 1035 2248 mittere
1049 2204 1111 2267 pro
1127 2184 1185 2248 illo
1202 2182 1358 2264 debitore,
1375 2189 1406 2248 et
1422 2204 1490 2247 eum

365 2294 516 2377 compelli
541 2293 660 2378 facere,
671 2295 759 2380 quod
774 2294 860 2359 infra
877 2295 959 2360 duos
975 2315 1101 2359 menses
1127 2293 1169 2357 ad
1185 2293 1258 2375 plus
1275 2300 1307 2357 et
1323 2294 1428 2358 minus
1444 2314 1490 2356 se·

366 2399 506 2466 cundum
532 2402 723 2466 distantiam
752 2402 824 2484 loci,
850 2401 907 2466 ubi
931 2401 1039 2483 fuerit,
1064 2401 1233 2484 perveniat
1264 2399 1422 2466 (latarum
1451 2399 1491 2464 ad
1593 2473 1595 2482 ,

367 2507 634 2574 satisfaciendum
660 2511 747 2576 dicto
775 2511 904 2580 Veneto
922 2531 995 2574 cum
1010 2509 1200 2592 integritate
1215 2509 1389 2574 secundum
1405 2515 1492 2574 teno

366 2637 435 2680 rem
451 2624 542 2683 carte
559 2638 624 2699 sue,
640 2620 691 2683 rel
708 2620 751 2684 ad
767 2617 1028 2702 respondendum
1045 2617 1105 2682 sibi
1122 2617 1164 2682 de
1179 2618 1267 2698 iure3
1284 2618 1372 2702 quod
1388 2619 1491 2682 sinon
1593 2663 1594 2696 ,

365 2725 594 2792 satisfacerent
620 2728 695 2792 victi
712 2749 770 2810 per
787 2729 957 2808 rationem,
974 2733 1138 2810 ponantur
1153 2727 1188 2792 in
1204 2748 1343 2808 carcere,
1360 2735 1393 2792 et
1407 2734 1491 2791 tene·

365 2841 463 2898 antur
475 2833 508 2897 in
519 2856 565 2911 eo,
583 2857 752 2920 quousqae
770 2834 996 2918 satisfecerint,
1012 2843 1044 2900 et
1069 2837 1155 2901 bona
1171 2855 1239 2916 sua,
1253 2835 1280 2900 si
1297 2857 1363 2918 qua
1378 2833 1492 2899 habue-
1591 2839 1593 2848 ⁴

366 2941 444 3024 rint,
469 2944 651 3009 vendantur
668 2945 710 3010 ad
731 2946 905 3028 incautum,
922 2951 952 3009 et
970 2943 1110 3010 satisfiat
1125 2943 1281 3010 creditori
1296 2943 1491 3028 supradicto.
1590 2949 1592 2974 ‘

365 3048 464 3134 Quod
492 3051 519 3116 si
538 3051 668 3118 debitor
683 3052 739 3116 ille
755 3053 876 3118 citatus
892 3051 999 3135 fuerit,
1016 3059 1050 3118 et
1066 3050 1152 3118 infra
1167 3053 1321 3118 diurnum
1339 3052 1401 3117 sibi
1417 3051 1493 3117 assi·
1590 3051 1591 3058 '

364 3165 498 3239 gnatum
509 3160 684 3226 terminum
694 3182 760 3225 non
770 3161 987 3244 comparuerit
998 3182 1057 3244 per
1067 3182 1100 3224 se
1110 3161 1161 3226 vel
1170 3167 1418 3243 procuratorem
1427 3159 1492 3224 ido-

364 3285 469 3344 neum,
487 3265 575 3329 etde
593 3266 685 3331 bonis
700 3269 802 3352 ipsius
818 3269 955 3351 reperiri
972 3290 1035 3332 non
1051 3275 1170 3352 posset,
1186 3268 1273 3350 quod
1286 3269 1391 3334 dictus
1407 3267 1493 3333 debi-

365 3360 417 3418 tor
443 3353 603 3420 forbaniri
638 3357 756 3423 debeat
789 3358 830 3422 de
866 3357 992 3423 (latare
1025 3364 1057 3423 et
1090 3359 1197 3424 tocius
1230 3361 1299 3424 eius
1323 3359 1493 3434 Districtu,

366 3460 406 3524 de
433 3483 498 3544 quo
530 3485 593 3526 non
627 3466 734 3531 valent
766 3467 863 3548 exire,
894 3489 952 3532 ncc
984 3467 1047 3532 sibi
1078 3467 1188 3550 aliqou
1221 3469 1316 3533 modo
1356 3470 1492 3551 gratiam

365 3568 446 3650 fieri,
487 3571 591 3639 donec
623 3573 828 3656 integraliter
869 3597 925 3639 suo
968 3575 1122 3641 creditori
1163 3575 1366 3641 satisfecerit.
1410 3575 1493 3641 Item

366 3678 453 3760 quod
470 3689 567 3762 pacta
599 3684 708 3748 omnia
740 3683 922 3766 supradicti
954 3684 1168 3750 refferrantur
1199 3685 1242 3750 ad
1274 3685 1400 3751 credita
1431 3685 1493 3749 dic·

364 3790 473 3849 torum
484 3785 686 3854 Venetorum
706 3792 873 3874 preterita,
898 3793 1064 3874 presentia
1081 3799 1113 3857 et
1144 3793 1264 3872 futura,
1289 3815 1352 3875 que
1378 3792 1493 3858 durare

365 3899 492 3959 tantum
512 3895 651 3963 debeant
677 3900 881 3966 obseruando
908 3921 1011 3982 usque
1037 3900 1080 3965 ad
1106 3902 1218 3968 decem
1234 3923 1335 3968 annos
1351 3905 1491 3987 proxime

365 4008 519 4070 venturos
545 4005 630 4071 inter
655 4007 744 4090 ipsas
770 4015 890 4090 partes
916 4016 948 4073 et
973 4013 1103 4074 tantum
1127 4011 1209 4093 plus,
1234 4032 1407 4094 quousque
1424 4031 1491 4095 pre

366 4107 456 4172 dicta
473 4109 594 4176 fuerint
611 4113 771 4195 requisita
787 4136 845 4197 per
863 4115 1007 4197 aliquam
1024 4122 1170 4198 partium
1195 4119 1340 4184 revocari
1371 4119 1493 4193 debere,

367 4235 429 4296 que
445 4221 595 4283 teneatur
622 4219 742 4284 debere
768 4220 920 4287 ‹lenotari
950 4243 1009 4305 per
1041 4243 1140 4289 uuum
1171 4247 1290 4292 annum
1322 4237 1493 4311 antequam

366 4324 514 4402 predicta
539 4327 632 4392 vellit
657 4351 817 4410 revocare,
843 4329 927 4394 infra
961 4353 1058 4414 quem
1083 4335 1255 4398 terminum
1272 4333 1395 4403 Veneti
1423 4359 1491 4402 cunr

368 4429 433 4490 suis
447 4435 595 4512 personis
613 4444 645 4500 et
661 4438 752 4503 bouis
769 4438 844 4502 inde
861 4438 961 4503 libere
978 4439 1109 4505 valeant
1124 4441 1303 4510 absentari.
1320 4444 1404 4512 Cum
1414 4465 1492 4529 pena

366 4552 600 4618 yperperorum
618 4544 715 4630 mille,
741 4553 772 4610 et
798 4568 884 4629 pena
901 4548 1008 4613 soluta
1034 4551 1084 4615 vel
1109 4573 1183 4636 nou,
1199 4552 1411 4620 nihilominus
1424 4575 1490 4637 pre-
