3170 5234
386 318 449 382 164
736 334 971 385 nrrconaezmr
989 324 1158 386 animaru.

377 494 451 558 ΗΠ
462 493 663 563 Venetorum
674 518 870 578 grossorum,
888 499 934 561 ita
946 497 1328 564 habcrcdebeantlibras
1339 500 1371 570 V
1382 521 1494 582 grosso·

377 623 459 666 rum.
491 600 527 668 si
552 601 733 668 Consilium
750 611 799 669 est
823 610 1019 686 contentum,
1050 604 1094 670 sit
1124 611 1317 671 renovatum
1348 613 1492 690 quantum

378 707 410 773 in
427 709 499 776 hoc.

487 815 522 902 3)
540 814 704 900 (Oltober
731 814 796 904 17.)
813 816 871 884 Oa
881 825 976 902 pta:
994 820 1081 904 quod
1099 821 1327 887 ambaxatores
1344 821 1419 886 ituri
1433 821 1490 886 Ra

377 925 515 1006 grisium,
531 923 673 990 debeant
688 925 730 990 de
747 925 798 992 ria
814 924 856 991 ad
873 926 982 1010 Reges
1008 928 1059 992 vel
1075 925 1202 1008 Regem
1211 927 1318 994 Raxie
1334 928 1489 993 convenire

380 1053 424 1112 se,
441 1036 474 1095 et
490 1032 659 1098 consulere
676 1033 772 1100 simul
797 1054 870 1098 cum
886 1033 1013 1100 Comitc
1038 1040 1072 1099 et
1095 1034 1280 1100 hominibus
1305 1036 1446 1119 Ragnsii
1460 1041 1489 1100 et

377 1136 487 1204 facere
503 1139 538 1203 id
555 1141 643 1222 quod
659 1139 821 1206 videbitur
837 1141 867 1206 ei
878 1139 1000 1207 Comiti
1017 1147 1051 1207 et
1067 1141 1162 1207 dictis
1172 1142 1432 1208 ambaxatoribus
1448 1141 1492 1207 rel

376 1247 495 1312 maiori
510 1248 597 1330 parti
615 1269 735 1314 eorum.
750 1248 797 1313 Et
812 1249 839 1313 si
856 1249 1029 1328 accideret,
1048 1248 1135 1330 quod
1153 1249 1247 1315 ambo
1272 1251 1322 1315 vel
1347 1270 1426 1314 unus
1448 1270 1492 1313 eo·
1567 1311 1568 1316 ,

377 1375 450 1419 rum
464 1355 551 1419 irent
567 1355 610 1420 ad
626 1355 730 1420 dictos
746 1355 855 1436 Reges
873 1356 922 1420 vel
937 1355 1070 1440 Regem,
1090 1356 1215 1421 vadant
1229 1357 1315 1422 sicut
1330 1356 1423 1422 dictis
1438 1355 1490 1422 Co·
1567 1359 1568 1364 ’

376 1461 447 1526 miti
464 1469 497 1526 et
513 1461 559 1526 eis
576 1462 844 1528 ambaxatoribus
860 1462 1035 1544 videbitur,
1060 1484 1134 1529 cnm
1150 1465 1301 1546 expensis
1318 1463 1490 1530 convenien-

379 1567 477 1634 tibus.

486 1712 524 1772 (A
543 1713 682 1767 velonczei
696 1711 934 1779 kormduytandos
947 1720 1058 1781 regesta
1071 1712 1260 1784 lidnyveibol.)

908 2097 983 2161 207.

376 2254 424 2320 ΙΙ.
441 2257 568 2342 Kdroly
582 2253 709 2322 sicilici
740 2257 854 2345 loirdly
869 2258 1028 2340 oraokdjdt
1053 2257 1170 2321 Rohert
1197 2251 1334 2342 Kdrolyt
1358 2248 1487 2318 damea·
1566 2197 1568 2222 Ι

797 2367 847 2431 leel
864 2364 967 2452 sopiti.
988 2366 1082 2429 1301.

482 2519 631 2590 Karolus
648 2523 812 2591 Secundus
829 2523 1012 2590 Portulano
1038 2518 1170 2604 Apulia,
1197 2527 1357 2602 quatenus
1372 2521 1488 2604 religio·
1566 2555 1568 2578 ι

375 2655 445 2700 sum
461 2635 566 2699 virum
581 2631 717 2698 fratrem
733 2633 869 2698 Petrum
896 2632 935 2696 de
959 2630 1070 2696 Adria
1099 2627 1234 2694 Ordinis
1250 2628 1486 2696 Predicatornn

375 2743 417 2807 ad
436 2741 597 2808 Karolum
613 2740 653 2804 de
670 2739 821 2821 Vngaria
836 2745 989 2823 nepotem
1005 2758 1097 2804 suum
1129 2735 1347 2818 personaliter
1363 2734 1485 2800 redeun·

374 2860 441 2916 tem
459 2848 631 2914 extrahere
647 2846 747 2911 libere
764 2847 869 2929 ajuro
887 2846 1034 2928 quolibet
1060 2845 1195 2921 exitura,
1221 2849 1253 2908 et
1278 2840 1403 2908 deleme
1425 2859 1485 2905 cnm

374 2957 521 3023 vassellis
539 2953 806 3020 conuenientibus
833 2953 876 3016 ad
893 2958 1005 3036 partes
1037 2949 1213 3016 Selauonic
1244 2949 1287 3013 ad
1318 2947 1485 3032 predictum

373 3065 535 3130 Karolnm
552 3082 612 3146 pro
629 3083 686 3125 vsu
704 3059 837 3143 hospitij
857 3061 906 3126 sui
933 3081 971 3124 ac
996 3079 1153 3141 equorum
1185 3076 1320 3121 suorum
1344 3050 1484 3120 frumenti

372 3175 493 3238 salmas
510 3175 686 3248 sexcentas,
703 3175 735 3232 et
765 3168 857 3233 ordei
888 3167 1009 3231 salinas
1042 3164 1300 3248 quatringerrtas,
1324 3162 1363 3226 de
1379 3162 1485 3226 victua·

373 3281 461 3344 libus
479 3277 601 3343 scilicet
617 3276 850 3340 messeniorum
877 3273 999 3357 Apulie
1025 3271 1151 3353 Regius
1177 3271 1249 3334 auio
1267 3289 1331 3349 sue,
1348 3271 1413 3333 sine
1427 3284 1486 3331 mo·

372 3385 470 3452 lestia
487 3392 519 3450 et
534 3383 793 3450 contradictione
811 3384 990 3466 permittat.
1006 3380 1133 3444 Datum
1164 3377 1306 3460 Neapoli
1332 3396 1413 3440 anno
1428 3373 1486 3439 no-

372 3497 450 3561 mini
467 3491 640 3560 Μ’(ΣΟΟ0
655 3491 702 3579 (Ι)
720 3492 772 3556 die
790 3489 892 3558 VIII.
908 3489 1101 3556 Decembris
1118 3484 1218 3552 XIV.
1234 3484 1427 3549 indictionis.

482 3657 533 3715 (Aa
547 3671 573 3704 u.
588 3669 615 3703 n.
629 3655 737 3704 »Arche
754 3654 827 3704 della
839 3653 927 3716 Regia
941 3653 1043 3702 Zacca«
1068 3650 1143 3700 XIV.
1158 3648 1306 3711 kiltegebdl
1332 3651 1403 3697 1348.
1418 3657 1450 3692 sa.
1462 3656 1482 3689 a·

372 3745 431 3803 dna
453 3743 826 3809 >Rega11gi0innrrcsa
849 3743 1031 3808 Reg.Karoli
1051 3741 1086 3790 11.
1114 3739 1257 3788 kotetebdl
1283 3742 1342 3787 214.
1367 3737 1424 3794 lea,
1453 3745 1481 3778 oz

370 3838 446 3887 olasz
460 3837 512 3886 kir.
524 3834 634 3884 Grande
650 3833 837 3882 Archivioban
851 3833 1037 3895 Napolyoan.)
