3244 5236
718 365 724 370 “
776 377 1008 422 nrrnormczmr
1028 357 1197 416 rnnrrnn.

950 665 1022 726 381.

511 834 626 902 Robore
642 829 772 895 sicilici
788 825 900 909 loudly
915 822 1126 888 szdmtartu'si
1141 819 1332 906 kdnyver'bdl.
1351 820 1445 882 1340.

527 991 718 1060 Lancelloto
736 989 874 1070 Vngero
891 984 1022 1050 vullicto
1041 991 1071 1046 et
1088 981 1244 1046 familiari
1253 980 1358 1062 Regio
1369 999 1429 1062 pro
1444 978 1544 1060 gagiis

420 1107 488 1171 suis
520 1102 678 1167 mensium
704 1095 822 1162 Martii
852 1101 883 1158 et
916 1091 1045 1174 Aprilis
1071 1088 1172 1154 VIII.
1195 1087 1381 1152 indictionis
1398 1086 1543 1150 adratio-

422 1233 494 1278 nem
510 1209 550 1274 de
565 1207 688 1272 tenuris
705 1203 757 1271 VI
783 1224 841 1286 per
857 1221 997 1264 mensem
1075 1238 1116 1245 —
1163 1233 1206 1242 -
1253 1234 1295 1240 -
1340 1195 1448 1259 tareni
1464 1192 1543 1258 XII.
1604 1289 1606 1300 Ι

526 1425 550 1490 J
553 1423 653 1488 acobo
678 1419 815 1501 Vngaro
832 1417 961 1480 rellioto
978 1412 1088 1478 Officii
1104 1412 1258 1477 Ferrarie
1283 1431 1343 1492 pro
1359 1411 1465 1494 gegiis
1480 1412 1541 1476 suis
1605 1419 1606 1450 ³

418 1534 579 1600 mensium
594 1527 712 1595 Martii
729 1531 763 1590 et
779 1522 907 1608 Aprilis
923 1518 1027 1590 VIII.
1042 1519 1228 1586 indictionis
1276 1555 1318 1564 —
1363 1517 1470 1582 tareni
1486 1516 1541 1585 VI.
1605 1511 1606 1558 ἶ

525 1747 662 1814 Nicolao
692 1743 759 1807 filio
791 1741 882 1805 Petri
914 1741 954 1804 de
973 1739 1122 1821 Vngaria
1138 1737 1469 1802 vallictoMarescalli
1485 1757 1538 1818 pro
1604 1769 1606 1798 ι

420 1859 527 1942 gngiis
544 1855 611 1920 suis
643 1852 800 1916 mensium
832 1847 925 1930 maij,
955 1845 1048 1929 Junij
1075 1853 1107 1909 et
1132 1844 1215 1927 Julij
1233 1842 1335 1909 VIII.
1352 1845 1539 1939 indictionis
1605 1941 1606 1950 ἵ

1325 1955 1432 2017 tareni
1444 1951 1539 2020 VIII
1605 1961 1606 2030 j

526 2174 739 2260 Stephanello
770 2173 838 2236 tilio
869 2169 1004 2234 nutricis
1036 2169 1075 2240 de
1102 2167 1251 2250 Vngaria
1278 2191 1337 2252 pro
1354 2170 1459 2251 gugiis
1476 2168 1537 2233 suis
1604 2127 1606 2220 i

417 2287 573 2355 mensium
589 2280 683 2348 Junii
699 2288 731 2344 et
746 2278 829 2344 Julii
847 2275 949 2344 VIII.
965 2276 1150 2340 indictionis
1230 2313 1271 2321 -
1318 2313 1360 2323 -
1406 2274 1537 2342 sneisI.

525 2499 634 2585 (Inter
651 2514 803 2585 personas
828 2492 962 2574 hospitii
980 2491 1081 2556 Ducis
1098 2489 1232 2554 Andros
1248 2491 1416 2556 Fulcnsius
1437 2462 1535 2556 vallic
1604 2491 1606 2562 ξ

417 2617 470 2674 tus
500 2606 744 2674 domicellarum
774 2597 930 2682 Vngarie,
963 2603 996 2661 et
1027 2597 1199 2664 Johannes
1230 2597 1379 2664 vallictus
1404 2596 1535 2682 Georgii
1604 2679 1605 2692 ἶ

419 2715 548 2798 Vngari
558 2705 805 2790 memorantur.)

524 2876 560 2937 (A
582 2875 720 2939 »Registri
740 2870 891 2934 Angioini«
905 2869 937 2917 G.
957 2873 1017 2918 279.
1035 2882 1072 2916 uz.
1084 2868 1152 2932 Reg.
1164 2867 1279 2918 Roberti
1294 2870 1325 2918 R.
1337 2885 1344 2932 ;
1358 2884 1390 2918 uz
1403 2871 1477 2922 otasz
1491 2871 1536 2918 kir.

416 2965 525 3016 Grande
539 2964 729 3014 Arclriviobnn
742 2959 927 3025 Ndpolyban.)

902 3137 1020 3148 —--0--..

945 3341 1017 3398 382.

415 3501 444 3560 A
464 3499 614 3561 velermzei
630 3497 975 3585 kormdnytarm'csnak
1001 3501 1164 3562 ntosz'ta‘so
1192 3499 1374 3563 dalmatini
1394 3498 1535 3563 distosci-
1603 3543 1604 3554 η

887 3609 950 3670 koz.
980 3607 1074 3669 1340.

521 3765 617 3832 Anno
627 3768 762 3832 Domini
772 3762 1011 3831 MDuooXL.
1023 3765 1075 3828 dic
1085 3766 1188 3829 torcio
1206 3759 1361 3849 Augusti.
1378 3766 1533 3848 Copta:

411 3873 498 3955 qnod
524 3875 549 3938 si
576 3875 794 3940 existentibus
818 3875 897 3956 ipsis
918 3873 1141 3956 provisoribus
1157 3875 1192 3937 in
1208 3872 1304 3938 dictis
1320 3876 1469 3957 partibus
1484 3877 1534 3940 hu·
1601 3943 1603 3966 4

410 3981 524 4045 berent
549 3983 631 4047 talia
655 4004 738 4047 nora
757 3983 796 4046 de
822 3981 908 4045 Iacto
924 3979 1028 4064 Regis
1046 3978 1204 4062 Vngarie,
1222 4003 1280 4064 per
1298 4005 1360 4065 que
1377 3984 1531 4049 rideretur
1602 4021 1603 4066 ἓ

409 4089 457 4151 eis
482 4089 522 4154 de
539 4089 700 4155 visitando
726 4095 973 4155 terresnostrus
1005 4086 1177 4154 Sclaronie
1209 4110 1269 4172 pro
1300 4089 1532 4156 confortatione
1601 4157 1603 4178 ε

407 4213 520 4261 earum
531 4196 574 4261 ud
590 4199 710 4262 honum
727 4197 896 4262 fidelitatis
912 4204 1023 4261 nostre
1036 4222 1043 4277 ;
1058 4197 1180 4261 fuciunt
1192 4197 1276 4276 inde,
1292 4200 1376 4263 sicut
1392 4201 1437 4263 eis
1453 4199 1531 4263 ride·

408 4301 496 4367 bitur
523 4325 582 4386 pro
607 4305 729 4370 honore
754 4311 866 4370 nostro
892 4311 925 4368 et
945 4303 1029 4368 bono
1046 4306 1261 4387 negotiorum,
1278 4326 1407 4389 semper
1423 4307 1529 4373 rescri-

407 4407 511 4474 bendo
539 4409 631 4476 nobis
656 4413 808 4476 continue
825 4432 907 4477 nova
935 4416 965 4473 et
991 4413 1194 4478 conditiones
1221 4389 1368 4496 ipsarum
1384 4417 1526 4498 partium,

406 4521 439 4576 et
456 4515 631 4580 consilium
650 4540 752 4582 sunm.
