3170 5234
748 377 981 434 omnouncznu
999 369 1164 434 cuturn.
1200 395 1202 398 ·

937 675 1010 737 248.

517 839 554 904 V.
572 839 719 902 Kelernen
731 842 824 922 pdpa
840 837 873 899 e'r
889 859 910 899 α
928 835 1081 898 oeleoczei
1096 833 1315 920 kdztdrcasdq.
1337 836 1428 899 1309.

523 995 688 1080 (Clemens
704 993 814 1079 Pipa)
831 999 943 1058 contre
959 991 1093 1072 Ducem,
1110 992 1288 1058 Consilium
1306 1013 1346 1057 ec
1361 991 1522 1058 Commune

416 1104 632 1174 Venetiarum
662 1100 879 1168 Sacrosancte
918 1099 1067 1164 Romane
1098 1121 1137 1163 ac
1168 1099 1361 1164 vniuersalis
1390 1097 1522 1166 Ecclesie

417 1211 564 1278 rebelles.

486 1355 521 1418 (Δ
536 1355 619 1419 ›Reg.
630 1355 782 1419 Angioini‹
796 1355 829 1404 G.
845 1356 905 1403 175.
919 1367 957 1402 ez.
966 1352 1035 1416 Reg.
1049 1353 1147 1405 Knroli
1161 1352 1282 1402 Illustris
1293 1352 1352 1401 kot.
1363 1357 1405 1401 21.
1415 1352 1432 1402 1.
1442 1367 1449 1413 ;
1460 1364 1485 1398 n.
1496 1349 1526 1406 o.)

950 1748 1023 1808 248.

416 1908 607 1996 Gradooiqo
629 1908 724 1971 Pe'ter
739 1905 895 1971 velenczei
920 1905 997 1991 doqe
1023 1906 1229 1991 Franqeprin
1254 1905 1400 1970 dinem
1416 1901 1526 1970 erdale-

684 2016 739 2078 ben
757 2015 872 2078 aurrok
888 2013 1155 2099 naqybdtyar'boz.
1181 2016 1276 2077 1310.

520 2172 763 2255 Bartholomeo,
779 2171 935 2252 Gnidoni,
951 2172 1127 2237 Frederico
1153 2179 1186 2237 et
1209 2171 1357 2238 Johanni
1373 2171 1413 2236 de
1427 2177 1525 2237 nostro

414 2280 569 2346 mandato
587 2281 710 2347 domini
726 2280 828 2344 Ducis
844 2277 1026 2345 comitibus
1038 2279 1153 2361 Vegle.
1172 2278 1256 2344 (lum
1272 2279 1321 2362 sit,
1338 2281 1424 2362 quod
1439 2281 1528 2362 Egre-

414 2388 487 2470 gius
513 2389 562 2450 vir
579 2387 742 2469 quondam
759 2385 877 2452 Comes
893 2384 1087 2449 Leonerdus
1104 2391 1240 2466 patruus
1257 2391 1364 2449 vester
1380 2385 1522 2466 relinque

416 2502 468 2558 ret
486 2493 590 2558 nobili
605 2494 735 2558 mulieri
753 2489 901 2556 Genevre
917 2491 983 2555 filie
999 2512 1054 2556 sue
1071 2496 1105 2554 et
1121 2492 1212 2573 nepti
1227 2497 1339 2558 nostre
1355 2491 1455 2556 libros
1470 2490 1526 2554 duo

415 2600 513 2680 mille,
528 2607 563 2666 et
577 2607 706 2665 tantum
722 2606 850 2682 tempus
867 2600 919 2680 sit,
937 2598 1025 2680 quod
1042 2599 1111 2680 ipse
1127 2604 1264 2679 patruus
1280 2605 1388 2663 cester
1403 2598 1485 2676 obiit,
1498 2601 1528 2659 et

419 2707 490 2790 ipse
514 2707 597 2772 nihil
621 2707 695 2770 inde
713 2706 894 2788 perceperit
928 2723 1030 2785 usque
1047 2725 1139 2783 nunc,
1156 2704 1212 2768 sed
1227 2726 1285 2768 vos
1301 2705 1376 2769 illos
1392 2705 1528 2771 tenuistis

416 2809 450 2876 in
474 2820 614 2879 vestram
630 2814 841 2893 utililitatem,
852 2811 940 2895 quod
951 2811 1044 2875 nobis
1055 2812 1225 2876 durissime
1242 2812 1401 2895 displicet,
1416 2820 1447 2876 et
1461 2811 1527 2876 inde

414 2923 558 3006 graviter
582 2921 828 3004 perturbamur:
854 2918 945 2984 vobis
962 2923 1074 2984 tenore
1091 2920 1289 3002 presentium
1313 2921 1487 2998 scribimus,
1500 2925 1529 2982 et

412 3051 471 3113 per
482 3050 540 3094 nos
557 3035 590 3092 et
605 3035 753 3092 nostrum
765 3025 947 3091 Consilium
958 3026 1050 3091 vobis
1067 3025 1214 3091 districte
1229 3026 1438 3108 precipiendo
1453 3047 1529 3090 men-

412 3134 537 3216 demus,
563 3141 722 3216 quatenus
747 3132 834 3198 omni
858 3154 952 3198 more
976 3133 1161 3215 postposite
1185 3131 1332 3197 debeatis
1357 3135 1421 3216 ipsi
1436 3134 1527 3200 nobili

413 3239 602 3306 satisfacere
619 3239 665 3303 ibi
682 3239 722 3303 de
739 3239 925 3306 dimissoria
941 3238 1137 3322 supradicte„
1149 3238 1245 3322 Quod
1262 3239 1290 3303 si
1306 3238 1369 3304 hoc
1384 3239 1527 3324 feceritis,

411 3348 554 3414 feceritis
571 3345 657 3429 quod
674 3345 834 3412 debebitis
851 3352 885 3410 et
901 3345 994 3411 nobie
1011 3345 1162 3427 placebit.
1195 3342 1360 3429 Alioquin
1385 3348 1466 3415 scire
1482 3368 1529 3414 vos

343 3527 348 3536 ,
410 3455 567 3533 volumus,
592 3453 679 3535 quod
704 3473 768 3517 non
793 3451 1007 3518 tolerabimus
1023 3451 1091 3516 ullo
1107 3450 1213 3532 modo,
1230 3451 1316 3534 quod
1332 3453 1403 3536 ipsc
1419 3453 1528 3519 nobilis

409 3561 523 3628 taliter
542 3560 676 3626 deserto
695 3563 864 3623 remaneat
880 3563 913 3623 et
930 3557 1106 3638 destructa,
1139 3557 1196 3622 sed
1211 3558 1325 3624 taliter
1341 3558 1416 3625 inde
1431 3559 1530 3643 provi·

408 3667 554 3734 debimus
575 3666 657 3731 etde
673 3663 841 3731 Comitatu
857 3663 974 3748 Vegle‚
990 3671 1024 3750 et
1040 3667 1080 3731 de
1096 3666 1170 3751 alio,
1186 3666 1269 3732 sicut
1285 3664 1410 3733 factum
1427 3672 1529 3750 postu

407 3775 458 3842 let
482 3781 515 3841 et
538 3774 687 3856 requirit
715 3773 839 3840 Datum
855 3774 889 3837 in
904 3779 1016 3837 nostro
1031 3772 1152 3839 Ducali
1177 3772 1308 3857 palacio
1324 3773 1529 3842 Veneticum

407 3904 493 3949 cuno
520 3881 562 3947 ab
587 3882 818 3945 Incarnetione
834 3878 970 3944 Domini
996 3881 1098 3945 nostri
1123 3878 1205 3944 Jesu
1224 3879 1349 3946 Christi
1368 3881 1529 3947 millesimo

407 3988 636 4056 trecentesimo
647 3987 780 4067 decimo,
793 3987 970 4053 indictione
981 3992 1108 4068 octaua,
1125 3987 1177 4052 die
1193 4009 1269 4052 vero
1285 3989 1401 4054 ultimo
1417 3989 1529 4056 mensis

409 4095 547 4181 Aprilis.

792 4233 1153 4322 ComitiDuymo.

517 4397 600 4466 Cum
609 4397 662 4479 sit,
687 4398 775 4480 quod
793 4404 904 4466 noster
921 4357 1037 4464 Comes
1053 4398 1245 4464 Leonurdus
1261 4396 1429 4481 quondam
1445 4400 1528 4468 reliu-

410 4509 520 4589 querit
529 4506 629 4572 nobili
644 4506 774 4572 mulieri
789 4507 937 4573 Zenevre
961 4507 1030 4572 filie
1047 4525 1112 4586 sue,
1134 4507 1227 4588 nepti
1243 4511 1352 4572 nostre
1368 4529 1410 4573 ac
1426 4517 1528 4590 vestre,
