3244 5236
1348 17 1603 177 'H

432 356 494 416 352
780 371 1014 416 nienonnczini
1032 353 1201 416 iinntnnn.

426 549 563 614 quorum
574 529 756 597 nominibus
767 529 916 596 dominus
929 531 1001 596 Rex
1011 531 1085 595 fidei
1096 529 1389 596 Thesaurariorum
1406 529 1536 614 ipsorum

428 638 564 720 inheret,
588 657 696 702 annua
720 637 904 720 prouisione
930 639 1095 702 unciarum
1121 637 1338 720 quadraginta
1363 638 1397 700 in
1424 636 1540 702 florenis

427 751 501 814 auri
527 749 672 831 quinque
698 767 756 828 per
780 745 907 810 ruciam
932 747 1148 829 computatis3
1174 767 1256 827 quas
1283 745 1388 811 eidem
1426 745 1540 810 domine

428 855 555 921 Helene
580 855 665 919 idem
692 854 841 918 dominus
850 852 925 917 Rex
943 854 978 918 in
995 853 1178 918 subsidium
1193 873 1409 937 expensarum
1424 873 1541 917 suarum

428 963 573 1029 exhiberi
597 959 741 1045 prouidit
766 981 852 1026 anno
876 960 1030 1042 quolibet,
1055 985 1075 1026 a
1101 961 1152 1026 die
1178 963 1283 1044 primo
1299 961 1421 1026 mensis
1436 959 1537 1040 Martij

427 1072 513 1136 dicte
538 1068 604 1135 III.
628 1068 816 1134 indictionis
841 1069 875 1132 in
901 1073 1010 1150 antea,
1037 1069 1198 1152 singulilis
1224 1069 1388 1135 mensibus
1405 1089 1458 1134 aex
1472 1069 1538 1131 anni

427 1178 609 1260 cuiuslibet,
624 1178 657 1241 in
683 1175 840 1260 principio
865 1176 990 1242 seilicet
1006 1177 1150 1260 ipsorum
1178 1178 1379 1258 singulorum
1396 1197 1450 1241 sex
1464 1197 1539 1240 men-

426 1290 509 1353 sium
534 1289 644 1352 vncias
663 1285 777 1368 viginti
794 1282 834 1349 de
858 1305 1053 1369 quacunque
1078 1286 1182 1350 fiscali
1202 1286 1340 1370 pecunia
1359 1285 1536 1366 sinealiqua

427 1395 609 1461 retentione
635 1393 772 1459 feudalis
799 1393 934 1478 seruitij‚
952 1414 1025 1458 cum
1042 1394 1211 1458 seruitium
1227 1393 1331 1476 Regie
1347 1390 1446 1457 (lurie
1462 1391 1538 1455 debi-

426 1508 497 1569 tum
524 1502 659 1587 proinde
675 1509 823 1585 tempore
840 1523 971 1584 guerrse
988 1500 1158 1568 frementis
1173 1503 1207 1566 in
1223 1502 1349 1586 Regno,
1370 1523 1433 1584 quo
1448 1501 1537 1566 Baro-

425 1611 520 1676 nibus
537 1611 612 1695 alijs
623 1608 767 1674 eiusdem
787 1609 894 1693 Regni
911 1610 1085 1674 seruicium
1103 1611 1300 1694 generaliter
1316 1608 1483 1688 indicetur,
1497 1629 1536 1673 ra·

425 1719 513 1783 tione
538 1717 682 1782 eiusdem
711 1717 906 1800 prouisionis
922 1739 1028 1783 annue
1049 1717 1091 1783 ab
1116 1717 1233 1782 eadum
1259 1716 1390 1782 domina
1418 1716 1532 1782 Helena

425 1826 611 1891 nullatenus
623 1824 772 1890 dominus
797 1823 870 1890 Rex
886 1825 955 1890 vult
971 1845 1031 1908 pro
1047 1831 1140 1908 parte
1157 1823 1257 1890 Curie
1274 1825 1391 1890 deduci
1402 1842 1457 1888 seu
1472 1845 1536 1907 quo

426 1933 603 2002 modolibct
618 1931 763 2014 retineri,
779 1932 954 1996 cumidem
971 1932 1121 1997 dominus
1137 1933 1209 1997 Rex
1225 1933 1391 2016 intelligat
1408 1955 1447 1997 ex
1462 1931 1535 1996 dicta

424 2043 609 2130 prouisione
635 2061 744 2106 annua
754 2090 761 2122 ,
786 2061 885 2124 qnam
910 2041 1013 2106 eidem
1029 2041 1159 2106 domine
1175 2040 1301 2106 Helene
1319 2042 1353 2105 in
1370 2039 1534 2106 subsidium

424 2171 637 2236 expensarum
656 2169 798 2229 suarum,
824 2149 908 2214 sicut
922 2148 1113 2230 predicitur,
1132 2147 1325 2214 exibendam
1340 2145 1491 2230 prouidit,
1505 2167 1534 2210 nc

425 2261 506 2326 dicti
521 2257 668 2325 mandati
684 2262 797 2322 tenore
813 2255 992 2322 declarauit
1002 2278 1042 2322 ac
1052 2258 1147 2322 iussit
1162 2257 1201 2321 dc
1217 2262 1307 2321 certa
1322 2256 1392 2320 eius
1411 2255 1533 2320 scientia
1602 2307 1603 2312 ,

424 2365 549 2450 prelato
573 2363 673 2430 (loric
704 2363 737 2427 in
763 2363 874 2444 aliquo
906 2384 970 2427 non
1002 2362 1119 2430 debere
1139 2365 1266 2446 seruiri,
1297 2369 1395 2446 prout
1412 2360 1535 2425 indicto
1602 2417 1603 2422 ,

424 2473 581 2540 mandato
598 2471 702 2555 Regio
719 2471 839 2536 clarius
857 2472 1049 2536 continetur.

531 2580 709 2646 Satislacto
720 2579 818 2646 Ruffo
828 2578 1074 2646 Aldobrandini
1083 2581 1258 2646 mercatori
1275 2580 1316 2645 de
1332 2580 1476 2664 predicta
1491 2595 1533 2640 so·
1602 2569 1603 2578 ’

423 2691 542 2755 cietate
567 2688 850 2754 Bonaccursorum
883 2689 923 2752 de
954 2689 1124 2754 Florentia
1153 2690 1281 2754 nomine
1307 2695 1341 2752 et
1365 2709 1426 2770 pro
1450 2691 1533 2769 parte
1600 2697 1602 2762 J

424 2798 510 2864 dicte
527 2795 654 2864 domine
671 2795 796 2862 Helene
822 2796 862 2860 de
886 2797 1068 2880 provisione
1095 2795 1237 2863 eiusdem
1263 2797 1392 2862 domine
1417 2815 1473 2878 per
1495 2799 1536 2856 to·
1599 2835 1601 2844 «

423 2912 492 2970 tum
518 2925 659 2971 mensem
675 2904 831 2972 Octobris
847 2905 934 2970 dicte
961 2905 1001 2974 V.
1019 2906 1224 2987 indictionis;
1250 2909 1332 2971 sicut
1360 2909 1395 2970 in
1420 2902 1534 2968 ratione
1598 2905 1600 2930 ⁴

423 3011 719 3080 Thesaurariorum
734 3012 880 3096 ipsorum
896 3012 1035 3096 predicti
1052 3017 1209 3097 temporis
1226 3014 1414 3080 contineter.

528 3121 592 3186 Die
611 3120 659 3186 IL
682 3120 821 3203 predicti
837 3121 958 3186 mensis
974 3121 1058 3204 Maij
1075 3121 1214 3206 Neapolj
1233 3121 1340 3187 solute
1351 3127 1428 3186 sunt
1442 3115 1533 3184 eidem

421 3225 519 3292 Ruffo
545 3225 800 3312 Aldobrandinj-
814 3228 986 3294 mercatori
1022 3229 1061 3293 de
1089 3229 1243 3295 societate
1264 3229 1533 3294 Bonaccursorum
1595 3227 1597 3280 i

421 3330 462 3397 de
478 3332 649 3398 Florentia
664 3333 792 3399 nomine
809 3339 912 3417 etpro
928 3338 1024 3418 parte
1041 3334 1126 3399 dicte
1142 3336 1269 3400 domine
1287 3335 1392 3402 Elene
1408 3335 1534 3400 Banisse
1594 3351 1596 3420 J

420 3438 595 3506 Sclauonie
620 3443 844 3526 contingentes
871 3443 1007 3508 eandem
1048 3443 1213 3509 dominam
1237 3465 1296 3527 pro
1331 3443 1417 3509 dicta
1437 3463 1534 3508 annua
1593 3455 1595 3482 ³

418 3549 607 3630 prouisione
632 3571 691 3615 sua
716 3552 881 3616 unciarum
925 3550 1143 3634 quadraginta
1161 3551 1357 3618 florenorum
1374 3553 1533 3620 aurificia
1592 3537 1594 3554 ⁴

417 3656 479 3721 sibi
510 3679 568 3742 per
592 3659 803 3724 Maiestatem
833 3657 971 3744 Regiam
1003 3679 1063 3742 pro
1089 3661 1157 3726 vita
1182 3682 1248 3742 sua,
1274 3669 1371 3745 prout
1404 3661 1529 3727 indicto
1576 3707 1577 3710 ,

419 3766 575 3831 mandato
584 3763 690 3850 Regio
700 3767 895 3849 continetur,
921 3789 981 3850 pro
1006 3769 1169 3835 mensibus
1186 3768 1392 3852 Novembris,
1411 3769 1533 3835 Decem·

419 3872 496 3950 bris,
522 3872 686 3955 Januarij‚
710 3872 892 3956 Februarij,
907 3873 1025 3958 biartij
1051 3881 1083 3940 et
1101 3875 1229 3958 Aprilis
1245 3878 1392 3959 proxime
1409 3877 1530 3961 preteri-

418 3985 525 4044 torum
551 3977 647 4044 huius
664 3976 706 4046 V.
722 3980 910 4046 indictionis
925 3982 959 4045 in
975 3981 1107 4048 florenis
1124 3985 1197 4048 auri
1215 3986 1307 4050 uncie
1324 3986 1440 4069 viginti

418 4121 1329 4143 ------------
1358 4093 1446 4158 uncie
1461 4087 1532 4154 XX.

523 4251 559 4312 (Δ
571 4252 663 4315 »aeg
677 4253 827 4316 Angioini«
842 4254 874 4312 Q.
889 4257 939 4302 269
955 4269 991 4302 sz.
1006 4253 1073 4318 Reg.
1085 4253 1199 4304 Roberti
1209 4257 1241 4305 R.
1256 4258 1305 4306 ket
1317 4261 1376 4306 329.
1388 4259 1438 4308 lev.
1449 4272 1455 4318 ;
1465 4271 1488 4304 u.
1501 4255 1530 4314 a.)
