3170 5234
2 2712 5 2768 l

2 2771 4 2829 l

2 2941 4 3006 l

2 3009 5 3076 l

572 357 665 420 maa.
906 319 910 326 ’
1118 359 1183 422 aas

1 544 3 548 ’
65 537 95 594 et
118 529 256 594 Dimidio
273 534 377 597 totius
395 533 532 615 Imperii
557 533 727 614 Romania,
759 534 864 600 amieo
896 553 954 598 suo
993 534 1184 598 honorando

1 669 2 724 5
65 635 192 703 Carolus
209 640 324 704 eadem
341 642 450 722 gratia
465 639 539 704 Rex
570 639 745 722 Hungarie
779 641 844 704 vito
872 640 1006 723 longave
1023 644 1132 722 spatia
1149 646 1182 704 et

64 742 199 810 felicium
216 768 422 813 successuum
438 749 645 813 incrementa.
678 744 765 830 Quia
793 745 994 812 Ciuitatibus
1008 749 1133 813 uostris
1149 748 1183 812 in

1 834 2 898 Ϊ
63 854 153 918 terris
170 851 306 920 Oroatia
332 862 366 920 et
391 855 557 921 Dalmatis
583 855 771 920 constitutis
794 856 948 940 juvamen
965 859 999 920 et
1015 853 1183 936 auxilium,

63 961 325 1039 quemadmodum
341 983 400 1045 per
415 961 636 1028 venerabilem
652 965 685 1025 in
702 961 837 1028 Christo
861 969 989 1046 patrem
1018 961 1183 1027 dominum

1 1057 2 1121 l
62 1065 241 1132 Boleslaum
256 1070 466 1135 miseratione
480 1068 601 1135 Divina
616 1065 909 1152 Archiepiscopum
920 1067 1182 1150 Strigoniensem

1 1215 2 1264 ,
62 1176 236 1258 proximum
252 1181 398 1241 nostrum
429 1175 657 1242 charissimum
682 1179 872 1260 nunciastis,
889 1198 954 1243 non
972 1183 1086 1242 contra
1102 1172 1183 1260 Nos,

1 1323 2 1341 ,
62 1281 112 1348 sed
127 1283 227 1349 nostri
243 1284 384 1349 nominis
401 1282 443 1349 ob
467 1284 624 1350 honorem
650 1283 869 1350 amicabiliter
884 1284 1070 1368 prebuistis,
1085 1291 1117 1348 et
1133 1287 1181 1368 ip·

61 1410 125 1456 sum
140 1392 307 1458 dominum
324 1389 618 1478 Archiepiscopum
635 1395 739 1460 nostri
749 1395 871 1459 intuitu
881 1393 1059 1459 secundum
1069 1392 1183 1458 decen·

62 1499 135 1564 tiam
151 1521 207 1566 sue
224 1502 403 1567 reverentie
419 1505 657 1584 pertractastis,
672 1502 764 1568 robis
789 1503 824 1566 iu
839 1502 1023 1584 gratiarum
1039 1497 1181 1582 assurgi·

62 1629 126 1672 rnus
156 1609 270 1677 uberes
304 1611 458 1691 actiones
490 1609 751 1694 Magnitudinis‘
765 1605 885 1676 Vestro
917 1609 1098 1674 amicitiam
1124 1625 1183 1690 per

1 1723 2 1784 l
62 1721 221 1797 presentes
238 1718 451 1800 requirentes,
467 1724 630 1800 quatenus
656 1738 730 1782 cum
745 1717 968 1780 uniuersorum
983 1713 1125 1779 Domino
1144 1710 1184 1778 de

1 1853 2 1889 l
63 1844 179 1890 summa
195 1824 330 1890 cardine
346 1825 604 1890 misericorditer
620 1824 814 1908 procidente
839 1822 1026 1889 nouissimis
1042 1820 1105 1905 hijs
1121 1817 1186 1884 die-

62 1929 116 1996 bus
131 1933 165 1994 in
182 1932 287 1998 dictas
303 1941 411 1998 terras
428 1940 558 1998 nostras
584 1933 624 1998 ob
650 1930 902 1996 commodumst
920 1935 1042 1994 statum
1074 1925 1184 2011 pacifi-

63 2057 127 2102 cum
143 2039 330 2105 earumdem
361 2040 395 2104 in
426 2041 547 2104 virtute
577 2039 687 2105 valida
712 2047 745 2104 et
770 2037 906 2104 brachio
923 2045 1057 2110 extenso
1084 2034 1185 2100 simus

63 2147 227 2229 accessuri,
259 2147 299 2212 de
330 2147 402 2230 hijs,
420 2168 482 2229 que
507 2147 629 2213 ibidem
644 2146 687 2212 ad
703 2149 776 2214 Nos
792 2151 943 2230 spectant
957 2142 1077 2209 Vestro
1093 2139 1185 2205 Ami·

65 2253 133 2320 citie
165 2255 384 2320 sinceritatem
409 2253 515 2322 Nobis
546 2257 580 2319 in
611 2253 673 2319 hoc
690 2276 823 2338 operum
839 2251 1038 2319 exhibitione
1055 2250 1185 2315 demon·

1 2353 2 2358 ’
67 2365 213 2444 strantes,
227 2362 402 2445 quicquam
417 2383 576 2446 usurpare
591 2361 643 2426 rel
658 2367 767 2427 vestro
778 2360 921 2427 dominio
933 2360 1109 2443 subjugare
1120 2375 1186 2421 non

64 2466 184 2547 vellitis,
210 2476 245 2533 ut
269 2491 328 2534 nos
353 2477 534 2553 temporum
559 2469 698 2552 captatis
725 2468 851 2533 idoneis
884 2465 1184 2551 opportunitatibus

63 2571 185 2642 Vestris
211 2576 423 2660 beneplacitis
453 2582 589 2661 propter
605 2575 668 2642 hoc
683 2581 780 2658 grata
795 2572 1018 2641 vicissitudine
1051 2593 1186 2641 occura-

64 2703 135 2748 mus.
152 2683 241 2749 Data
257 2686 290 2748 in
311 2683 513 2750 Themesuar
528 2685 626 2750 tertio
643 2703 746 2748 nonas
763 2680 916 2775 Augusti.

163 2865 198 2926 (A
213 2861 317 2928 »Copie
328 2865 361 2913 de
380 2865 622 2919 Commemorialit
638 2863 728 2914 czimti
743 2863 881 2914 velenczei
896 2862 1132 2925 ellamlrdnyvben
1145 2860 1182 2911 11.

65 2949 112 3004 lot.
127 2957 186 3003 387.
200 2955 265 3016 lev,
277 2966 295 3001 a
307 2953 380 3003 becsi
394 2968 430 3003 ca.
444 2954 532 3006 titkos
546 2953 741 3016 leveltarban.)

540 3151 700 3162 au--n-——n

583 3405 658 3470 282.

3 3571 5 3664 ζ
64 3579 162 3646 Jodra
179 3587 272 3646 vairos
298 3581 425 3667 kczotqe
450 3581 608 3666 tudoritja
634 3604 655 3645 a
682 3579 836 3644 celeaczei
868 3579 1042 3666 kormciuyt
1060 3579 1184 3644 Mittas

175 3689 308 3754 bannat-
325 3688 527 3752 dolmaczioi
546 3688 720 3775 thyolrbona'
737 3687 946 3772 eljdrolsrtro‘l.
965 3691 1060 3752 1322.

161 3867 287 3932 Illustri
303 3874 336 3930 et
351 3865 492 3931 Excelso
518 3866 651 3931 domino
677 3888 735 3932 suo
767 3865 898 3930 domino
914 3862 1064 3930 Johanni
1080 3859 1183 3944 Supe-
1276 3859 1279 3870 '

3 3979 5 4028 ὲ
64 3977 162 4039 rantio
177 3975 242 4040 Dei
259 3975 371 4058 gratia
401 3973 488 4040 Duci
512 3973 728 4040 Venetiarum
745 3979 804 4037 eto.
837 3971 1025 4054 Vgullimus
1041 3968 1067 4033 J
1069 3969 1183 4033 ustini-

3 4065 4 4086 ³
63 4099 118 4145 ano
135 4081 249 4148 Comes
266 4089 299 4147 et
314 4081 340 4148 J
340 4081 451 4148 udices
467 4081 493 4147 J
494 4083 573 4148 adro
605 4083 716 4148 fideles
733 4083 812 4159 eius,
828 4076 1075 4144 inclinationem
1092 4075 1182 4141 debi-

3 4185 5 4272 ζ
63 4193 123 4253 tarn
138 4197 169 4255 et
192 4211 225 4256 se
251 4191 351 4273 ipsos.
383 4190 609 4256 Dominationi
641 4190 760 4258 Vestro
793 4194 924 4272 pateat,
956 4185 1184 4250 ambaxatores

3 4313 6 4352 ¹>
64 4305 181 4363 nostros
196 4298 298 4365 luisse
315 4299 402 4381 apud
417 4297 593 4364 Nicolaum
608 4297 738 4363 Banum
764 4317 866 4379 prope
893 4293 1081 4373 Tinninum,
1098 4292 1185 4357 sicut

4 4481 5 4488 ἵ
65 4400 321 4471 Dominationem
337 4403 491 4472 Vestram
507 4406 656 4470 nouimus
671 4425 736 4470 non
750 4404 875 4483 latere,
891 4403 945 4484 qui
962 4401 1076 4465 Bonus
1091 4399 1181 4482 ipsos

4 4547 6 4592 4
64 4511 195 4582 libenter
219 4515 313 4599 vidit,
330 4522 362 4581 et
386 4516 562 4582 honorifice
587 4517 763 4594 tractauit,
790 4513 950 4596 deputans
975 4511 1021 4575 eis
1047 4506 1128 4574 duos
1144 4509 1185 4575 de

164 4653 226 4688 NON·
241 4651 323 4689 trullo.
340 4652 408 4688 ultr.
423 4663 466 4674 -
483 4653 550 4688 ACTA
567 4654 626 4688 lxxv.
642 4655 659 4688 1·
1034 4620 1074 4682 15
