3244 5236
425 333 489 396 366
785 347 1021 394 urruosracamr
1038 337 1208 394 auriliana.

422 515 520 591 prout
534 508 657 591 justum
675 505 774 572 suerit
790 513 820 570 et
838 506 991 590 expedire
1009 509 1194 589 viderimus,
1210 507 1422 591 procedemus
1442 528 1549 572 eorum
1609 541 1610 544 ¹

423 614 573 681 absentia
598 635 662 680 non
679 611 841 680 obstante.
875 611 1030 680 Ceterum
1047 617 1073 679 si
1089 615 1173 680 forte
1191 615 1336 699 prefatos
1352 615 1548 698 Magistrum

424 729 458 788 et
482 722 600 788 fratres
615 743 673 806 per
688 742 748 787 uos
766 722 817 786 rel
832 721 931 786 alium
948 743 1006 787 seu
1021 724 1104 789 alios
1121 724 1194 789 ausi
1211 745 1275 788 non
1291 722 1422 788 fueritis
1436 723 1471 787 in
1486 721 1548 786 Do-

424 832 530 896 mibus
546 850 602 896 seu
618 827 794 911 domicilijs
810 828 987 894 eorundem
1002 829 1113 909 citare,
1138 831 1190 894 vel
1205 831 1267 914 ipsi
1283 830 1546 913 impedimentum
1608 891 1610 918 ‚

424 939 628 1022 prostiterint
644 957 683 1001 ne
695 937 788 1002 citari
805 935 977 1003 ualeantin
987 936 1118 1019 eisdem,
1133 938 1279 1004 volumus
1289 936 1543 1015 etdecernimus,
1609 947 1610 1016 ζ

425 1046 516 1112 robis
541 1053 575 1111 et
599 1042 733 1110 cuilibet
759 1048 900 1109 vestrum
920 1045 1118 1126 presentium
1136 1045 1332 1110 auctoritate
1350 1045 1447 1110 licere
1463 1045 1549 1127 ipsos
1608 1049 1610 1082 a

425 1151 540 1219 diebus
556 1151 722 1233 aliquibus
737 1151 906 1216 dominicis
923 1151 973 1217 rel
988 1150 1126 1234 testium,
1152 1173 1225 1218 oum
1240 1154 1379 1236 populus
1394 1172 1548 1218 oonueuc-
1609 1175 1610 1230 ;

426 1262 470 1327 rit
485 1260 528 1328 ed
538 1260 668 1341 Divina,
684 1266 717 1322 rt
732 1260 780 1324 sic
796 1257 885 1323 iacta
901 1259 1014 1324 erratio
1030 1259 1073 1324 ad
1093 1279 1147 1324 eos
1156 1260 1328 1343 peruenire
1338 1258 1550 1324 verisimiliter

424 1376 639 1452 presumatur,
655 1367 759 1432 citare
774 1366 825 1431 vel
840 1365 934 1430 citari
950 1365 1066 1446 iacere,
1092 1366 1223 1450 publice
1239 1370 1273 1432 in
1288 1366 1445 1450 Ecclesijs
1465 1363 1550 1428 (liui-

425 1483 529 1541 tatum
545 1475 596 1540 rel
612 1474 757 1540 locorum
773 1473 949 1556 insignium
965 1475 1070 1557 magis
1086 1475 1272 1558 vicinorum,
1297 1476 1332 1539 in
1347 1474 1467 1557 quibus
1482 1492 1549 1555 pos·
1609 1527 1610 1530 ,

425 1585 496 1649 sitis
512 1589 582 1648 tute
598 1582 728 1664 morari,
752 1585 787 1645 et
813 1579 929 1646 deinde
945 1582 1122 1662 procedere
1138 1589 1251 1648 contra
1265 1582 1351 1660 illue,
1377 1582 1443 1646 siue
1462 1580 1551 1644 citati

422 1691 534 1758 taliter
557 1696 681 1756 statuto
705 1689 786 1772 ipsis
811 1689 1031 1773 peremptorio
1055 1692 1195 1756 termino
1211 1691 1416 1774 competenti,
1440 1709 1549 1754 coram
1608 1773 1610 1776 Ι

424 1799 514 1865 robis
531 1805 750 1881 compareant,
767 1795 835 1862 siue
851 1817 1040 1880 comparere
1050 1805 1287 1881 contempnent,
1300 1798 1398 1882 juxta
1411 1797 1547 1863 formam
1609 1821 1610 1832 ¹

424 1905 633 1991 presentium,
658 1926 697 1970 ac
713 1905 740 1972 si
756 1905 852 1970 citati
868 1904 950 1969 alias
965 1903 1126 1988 legittime
1143 1906 1337 1973 extitissent.
1361 1903 1469 1989 Quem
1486 1903 1551 1986 qui-

425 2015 499 2082 dem
523 2013 689 2080 citationis
713 2013 845 2078 modum
870 2010 959 2077 vobis
985 2013 1027 2077 sit
1052 2012 1176 2078 licitum
1192 2012 1378 2094 obseruare,
1403 2013 1505 2078 etiam
1520 2012 1548 2075 in
1609 2057 1610 2096 4

425 2124 499 2208 alijs
524 2120 735 2188 citationibus
759 2119 918 2186 faciendis
943 2119 983 2186 de
1009 2121 1075 2186 illis
1100 2142 1157 2187 seu
1173 2127 1287 2188 contra
1302 2141 1368 2200 eos,
1392 2126 1429 2184 rt
1444 2141 1550 2186 eoram
1608 2107 1610 2160 ἶ

426 2229 674 2309 robisdeboant,
688 2235 723 2294 rt
740 2227 951 2312 premittitur,
967 2248 1173 2311 comparere3
1189 2249 1270 2313 quas
1280 2227 1413 2313 quidem
1424 2229 1550 2294 citatio·
1609 2213 1610 2246 ³

425 2362 482 2405 nes
506 2341 554 2405 ita
578 2339 725 2404 volumus
751 2344 784 2401 et
808 2335 1012 2402 decernimus
1038 2337 1168 2404 eosdem
1188 2343 1300 2402 artare
1326 2336 1456 2415 citatos,
1473 2357 1510 2402 ac
1526 2336 1550 2398 si
1609 2375 1610 2394 a

427 2469 482 2511 eos
499 2446 717 2531 personaliter
732 2443 1063 2529 comprehendissent,
1079 2453 1112 2510 et
1123 2445 1157 2509 in
1167 2465 1280 2510 eorum
1290 2443 1457 2527 presentia
1467 2443 1550 2508 facte

427 2563 544 2636 essent,
561 2575 755 2638 quacunque
771 2553 1003 2618 constitutione
1019 2553 1186 2618 contraria
1202 2573 1265 2618 noo
1282 2552 1453 2633 obstante,
1468 2552 1549 2617 diem
1609 2601 1610 2606 1

426 2683 501 2728 vero
526 2662 700 2742 citationis,
724 2683 783 2746 per
809 2681 906 2742 quam
931 2659 1072 2744 predicti
1088 2661 1249 2744 Magister
1273 2667 1306 2725 et
1323 2657 1445 2726 fratres
1461 2660 1551 2724 citati
1609 2633 1610 2656 Χ

426 2770 556 2855 luerint,
574 2778 607 2838 rt
623 2792 732 2837 coram
749 2770 853 2850 nobis,
867 2777 903 2836 rt
918 2771 1128 2853 premittitur,
1144 2767 1286 2835 debeant
1301 2789 1499 2852 comparere,
1515 2789 1550 2831 ac
1596 2753 1599 2760 ’

425 2877 575 2961 formam,
591 2885 624 2945 et
640 2877 797 2962 quicquid
813 2899 912 2962 super
926 2879 1095 2962 promissis
1112 2877 1271 2942 duxeritis
1288 2876 1484 2956 faciendum,
1499 2898 1551 2940 no·

425 2989 476 3054 bis
492 3010 550 3072 per
566 2994 693 3054 vestras
709 2986 839 3052 litteras
854 2987 905 3051 vel
921 2987 1175 3051 instrumentum
1191 2983 1356 3068 publicum
1373 2983 1492 3050 harum
1507 3005 1550 3048 se·

428 3097 508 3163 riem
524 3095 734 3178 continentia,
758 3094 901 3160 fideliter
916 3094 1060 3159 intimari
1078 3093 1206 3160 curetis.
1235 3091 1359 3157 Datum
1375 3091 1548 3170 Auinione,

426 3204 487 3275 IV.
503 3206 599 3269 nonis
615 3203 707 3286 Maij,
724 3201 939 3269 Pontificatus
955 3204 1060 3268 nostri
1076 3223 1161 3268 anno
1178 3207 1307 3282 quarto.

534 3367 610 3428 (XII.
624 3365 754 3416 Benedek
766 3367 842 3432 prtpa
854 3363 1157 3432 regestakonyveibol.)

911 3507 1070 3519 ..ὴ-1

951 3639 1026 3703 359.

463 3789 493 3858 Α
510 3786 663 3856 oeleuerei
678 3783 839 3872 tormoup
852 3781 936 3871 prdf
947 3779 1151 3871 Frortpepdo
1169 3782 1312 3870 Duymot
1332 3775 1516 3848 Veterator

888 3894 980 3958 iddzt'.
998 3895 1092 3959 1339.

533 4065 631 4133 Anno
681 4056 815 4125 Domini
867 4047 1173 4120 MOOOXXXIX.
1213 4049 1265 4116 die
1305 4045 1408 4120 VIII.
1451 4051 1547 4118 Junii.

427 4181 589 4263 Capta:
608 4169 704 4257 Quod
721 4166 888 4233 scribatur
914 4185 967 4227 ser
993 4161 1151 4228 Michaeli
1167 4159 1311 4242 Georgio
1328 4158 1548 4238 ambasiatori,

427 4289 515 4373 quod
540 4286 641 4353 iaciat
664 4283 853 4364 preceptum
879 4269 1000 4336 Oomiti
1024 4270 1153 4352 Doymo
1185 4267 1334 4334 veniendi
1350 4267 1394 4332 ad
1410 4275 1547 4332 nostram

426 4395 622 4482 presentiam
639 4390 702 4455 stb.

534 4561 571 4628 (A
586 4557 696 4608 »Misti«
712 4551 802 4603 azimo
815 4545 953 4598 relenczei
968 4541 1193 4609 bllamkdnyrbo'l
1216 4539 1325 4596 XVIII.
1338 4540 1397 4589 kot.
1416 4543 1461 4590 40.
1475 4539 1531 4603 lev.)

911 4671 1071 4682 b-ad
