3234 5238
431 407 434 414 .
541 361 768 426 lara-lara.
1179 357 1220 423 37

112 533 263 617 Reginam
281 543 314 602 et
331 537 455 621 Regem
472 559 591 604 nouum
616 538 781 620 predictos
806 539 977 604 fidelitatis
1003 538 1146 604 debitum
1162 539 1222 604 hoc

108 642 236 708 maxime
251 651 398 729 ternpore
415 645 639 730 adimplentes,
650 652 683 712 et
700 655 919 730 ecstanquam
936 654 1059 714 vestros
1076 645 1222 712 dominos

107 760 286 818 reuerentes
303 763 336 820 et
352 755 549 820 honorantes
564 757 598 820 iu
614 755 770 829 omnibus,
796 757 901 822 eidem
929 778 1049 840 genero
1065 761 1221 838 tanquam

106 857 182 942 Regi
200 867 308 926 restro
325 863 371 926 sie
387 862 545 929 obediatis
562 863 685 944 deuote,
695 887 734 930 ac
745 865 910 931 humiliter
920 864 1116 944 intendatis3
1133 863 1221 946 quod

106 966 167 1030 eius
182 968 446 1036 beneuolentiam
462 979 494 1036 et
510 974 650 1055 gratiam
677 973 768 1040 vobis
794 975 910 1038 merito
925 973 1143 1056 vendicantes
1160 993 1221 1036 me·

106 1077 234 1142 reamini
252 1079 322 1144 eius
337 1080 499 1145 continuis
530 1079 694 1164 beneficijs
711 1090 744 1147 et
770 1082 936 1148 terroribus
960 1081 1133 1147 eorrfoueri.
1150 1077 1222 1146 Nos

102 1189 212 1265 auteur,
232 1187 289 1268 qni
305 1187 442 1253 honores
459 1189 493 1254 et
508 1186 676 1253 commoda
693 1189 793 1273 ipsius
811 1189 912 1272 Regis
923 1189 1129 1253 sieutnostra
1145 1208 1218 1270 pro·

103 1293 263 1376 sequimur
279 1301 312 1358 et
329 1295 486 1376 zelamus;
502 1295 699 1362 intendimus
724 1285 857 1361 firmiter
873 1301 906 1362 et
921 1295 1029 1380 parati
1045 1293 1222 1374 existimus,

101 1405 164 1465 tam
178 1402 336 1485 degente,
353 1426 451 1486 quam
463 1406 558 1470 rebus
569 1406 688 1472 nostris
703 1405 763 1472 sibi
781 1406 911 1487 suisque
927 1404 1080 1470 fidelibus
1090 1402 1132 1468 ad
1147 1423 1221 1487 pro-

101 1511 301 1592 mouendum,
311 1513 566 1579 confirmandum
578 1521 611 1578 et
623 1514 868 1598 prouehendum
885 1515 1040 1579 honorem
1067 1509 1219 1590 eiusdem,

101 1639 155 1683 nec
170 1641 235 1685 non
253 1622 511 1686 conseruandum
527 1622 696 1705 pacificum
713 1629 835 1688 statum
851 1622 957 1706 Regni
973 1625 1132 1704 oportuna
1146 1641 1221 1684 eon-

101 1727 167 1791 silia
184 1729 314 1811 pariter
343 1735 377 1792 et
407 1730 528 1795 auxilia
562 1731 721 1808 exhibere,
746 1751 785 1795 ac
809 1729 991 1795 retribuere
1015 1750 1076 1812 pro
1093 1725 1230 1793 meritis·

101 1834 167 1916 hiis,
181 1836 239 1918 qui
256 1835 344 1901 dicto
360 1837 445 1922 Regi
461 1837 602 1902 fideliter
627 1839 855 1922 obsequentur.
881 1837 1008 1904 Datum
1024 1838 1110 1921 apud
1127 1833 1220 1900 Mon·

102 1949 162 2006 tem
181 1945 316 2009 Fortem
332 1967 389 2029 per
406 1947 543 2012 eundern
559 1946 773 2032 (Magistrum
789 1944 968 2029 Simonem)
984 1945 1090 2028 Regni
1108 1943 1220 2008 Sicilie

104 2049 339 2117 (lancellarium
350 2075 434 2120 anno
445 2053 652 2121 DomiuiM⁰.
671 2055 726 2120 CC
737 2069 753 2120 ⁰.
770 2054 909 2120 LXXII
920 2067 937 2116 ⁰.
953 2054 1057 2136 prime
1073 2051 1221 2117 indictio·

102 2161 155 2240 uis,
171 2159 281 2244 Regni
298 2164 400 2228 nostri
416 2185 500 2229 anno
511 2171 627 2228 octauo
639 2161 678 2232 V.
689 2163 889 2247 Septembris
904 2163 1006 2247 prime
1023 2161 1218 2228 indictionis.

204 2307 242 2362 (A
258 2307 396 2372 ›Regiatri
411 2307 560 2374 Augioini‹
577 2309 605 2358 G.
623 2314 660 2358 15.
675 2325 711 2359 az.
725 2309 791 2374 Reg.
808 2309 904 2360 Karoli
917 2308 1028 2359 Lkbtet.
1041 2310 1083 2356 81.
1098 2304 1126 2370 l.;
1140 2319 1166 2356 u.
1180 2305 1217 2368 o.)

581 2454 737 2463 ———-

634 2601 685 2662 36.

104 2725 205 2792 Gnido
221 2751 335 2806 conces,
361 2727 422 2790 IV.
450 2727 565 2792 [risela
590 2749 730 2813 mappae
755 2726 938 2812 kirdlyaale
963 2727 1066 2789 boceto
1086 2721 1219 2786 sicilec-

562 2835 634 2898 bun.
663 2836 755 2898 1274.

205 2975 377 3058 Magistris
392 2976 585 3041 Portulanis
600 2974 732 3059 Apulia,
749 2976 836 3060 quod
851 2977 1043 3060 permittant
1059 2974 1218 3042 Comitem

12 3107 13 3114 ¹
101 3083 282 3149 (hudonem
313 3084 464 3148 nuncium
496 3083 641 3150 Illustris
665 3085 766 3168 Regis
783 3083 929 3166 Vngarie
954 3082 993 3148 de
1010 3091 1107 3167 portu
1124 3081 1217 3147 Man·

103 3193 248 3258 hedonie
265 3191 438 3258 extrahere
465 3194 603 3275 triginta
635 3195 753 3260 salmas
770 3193 861 3259 ordei
894 3193 962 3258 sine
993 3191 1038 3256 ali
1068 3212 1131 3275 quo
1147 3190 1217 3254 iure

101 3301 233 3366 exitura.
250 3301 314 3366 IX.
330 3301 520 3367 Decembris
536 3301 582 3365 H.
599 3301 793 3368 indictionis.

207 3448 398 3514 (Arrltegistri
421 3447 574 3514 aegrotat«
601 3448 634 3497 Δ.
662 3451 749 3499 18.ιι.
775 3448 844 3514 Bag.
858 3446 954 3498 Karoli
969 3446 991 3496 Ι.
1004 3444 1144 3496 kdtettbdl
1164 3447 1212 3495 lan

100 3537 171 3602 lev.;
200 3551 227 3588 u.
243 3539 279 3600 ο.)

581 3664 740 3674 -υ--ι--ι

634 3829 685 3890 37.

100 3959 204 4026 Ja‘aoe
220 3957 391 4024 mechanici
403 3959 535 4044 prepoet
552 3958 584 4020 e'e
600 3953 747 4020 Alcman.
764 3949 889 4034 Mario,
906 3953 934 4016 Ι.
953 3951 1079 4037 Ka'roly
1095 3948 1218 4012 sicilici

189 4067 301 4154 kirdly
317 4066 435 4131 ledvetei
451 4063 669 4129 oieezate'raele
694 4057 1012 4149 Mapparorrqubdl.
1033 4059 1126 4122 1275.

211 4223 371 4310 Scriptum
388 4235 420 4289 et
435 4224 460 4290 J
461 4223 627 4290 ustitiario
647 4222 853 4305 Capitanate.

209 4331 291 4399 Cum
307 4334 479 4417 religiosus
488 4334 537 4397 vir
546 4334 572 4399 J
573 4334 714 4397 ohannes
728 4327 960 4396 Meeconiensis
970 4325 1170 4412 Prepoaitus,
1186 4329 1219 4391 et

103 4444 253 4510 Marinus
277 4445 380 4510 dictus
413 4443 625 4523 Alamannus,
656 4437 833 4506 familiares
859 4445 893 4504 et
918 4436 1029 4505 fideles
1054 4435 1156 4502 nostri
1180 4435 1219 4500 de

107 4551 253 4635 partibus
268 4551 425 4635 Vngarie,
442 4549 485 4616 ad
502 4572 582 4632 quas
599 4570 657 4633 pro
675 4547 867 4631 quibusdam
884 4546 995 4613 arduis
1010 4551 1043 4610 et
1059 4543 1219 4630 expressis
