3170 5234
559 322 653 390 1300.

585 629 658 692 197.

80 790 122 854 Il.
137 790 259 876 Kdroly
274 789 403 854 sicilici
418 789 533 878 kirtly
548 790 729 855 ηὶσυοηὶαἰ
745 789 844 853 biveit
861 789 1045 854 alelmelckel
1062 790 1166 875 sopiti.

573 901 668 962 1300.

160 1073 323 1158 Scriptum
349 1079 400 1140 est
415 1074 560 1141 Henrico
585 1073 625 1138 de
642 1073 797 1140 Heruilla
814 1071 978 1155 Magistro
995 1072 1181 1146 Postulano

69 1189 96 1247 et
110 1182 319 1266 Procuratorj
337 1178 459 1267 Apulis
476 1181 563 1247 fideli
580 1203 637 1246 suo
654 1188 713 1248 etc.

161 1288 242 1355 (lum
268 1310 326 1354 nos
351 1291 420 1354 viro
449 1290 550 1355 nobili
567 1287 688 1356 Comiti
705 1289 850 1374 Georgio
877 1288 917 1354 de
935 1287 1111 1354 Sclauonia
1135 1293 1182 1357 fa·

68 1399 175 1462 miliari
191 1405 224 1463 et
239 1397 328 1463 fideli
344 1404 456 1463 nostro
473 1399 630 1463 exituram
647 1399 800 1463 frumenti
816 1397 993 1462 salmarum
1010 1398 1113 1462 millle
1131 1419 1199 1482 go¹

68 1507 178 1571 neralis
201 1529 352 1572 mensure
378 1505 570 1572 extrahendi
587 1507 628 1572 de
644 1506 804 1590 portubus
821 1504 943 1590 Apulia
959 1505 1068 1586 licitis,
1093 1519 1126 1571 et
1142 1505 1186 1571 fe·

69 1613 150 1678 rendi
166 1637 222 1698 per
237 1637 328 1680 mare
345 1614 389 1680 ad
405 1620 512 1680 terras
529 1636 605 1680 suas
622 1612 795 1680 Solanonis
811 1636 870 1697 pro
888 1635 947 1678 usn
965 1637 1022 1681 suo
1039 1617 1183 1700 gratiose

70 1719 241 1788 duxerimus
259 1721 518 1788 concedendam:
535 1723 682 1787 volumus
701 1729 733 1786 et
749 1727 805 1786 tue
815 1721 969 1786 fidelitati
978 1723 1186 1807 precipimus,

72 1834 103 1893 rt
116 1837 287 1913 postquam
303 1830 403 1897 fuerit
419 1831 581 1914 completa
596 1829 745 1895 totaliter
761 1831 923 1896 extractio
939 1831 1072 1897 illarum
1083 1852 1185 1914 quan·

72 1939 194 2002 titutum
220 1939 418 2018 victualium,
445 1959 507 2021 que
532 1958 592 2022 pro
616 1939 856 2003 mercatoribus
872 1938 912 2002 de
929 1939 1087 2004 societate
1103 1938 1185 2004 Ber-

71 2045 172 2112 dorum
197 2047 417 2113 familiaribus
443 2055 475 2113 et
500 2045 649 2112 fidelibus
674 2048 796 2111 nostris
823 2045 943 2111 debent
968 2045 1008 2111 de
1027 2045 1185 2128 predictis

73 2156 216 2236 portubus
242 2155 381 2234 extrahi,
406 2158 505 2238 prout
528 2152 629 2218 habes
655 2176 675 2218 s
700 2160 815 2219 nostra
832 2150 935 2218 Curia
953 2155 984 2217 in
1002 2152 1186 2233 mandatis3

71 2260 176 2326 deinde
200 2267 429 2344 procuratores
453 2268 486 2326 et
511 2261 644 2326 nuncios
670 2281 727 2326 seu
751 2259 919 2326 ministros
943 2261 1021 2324 dicti
1047 2256 1186 2324 Comitis

72 2367 193 2455 Georgij
221 2369 366 2435 eiusdem
392 2366 531 2434 Comitis
557 2369 684 2434 nomine
710 2368 876 2453 predictas
892 2366 1047 2432 frumenti
1065 2367 1185 2432 salmas

71 2477 147 2542 mille
171 2499 319 2543 mensure
341 2478 500 2560 generalis
517 2477 689 2542 extrahere
707 2475 746 2541 de
762 2475 918 2560 predictis
935 2473 1060 2558 Apulie
1076 2482 1187 2558 portu-

71 2583 131 2666 bus,
145 2607 183 2651 ac
198 2585 326 2651 deferre
342 2605 401 2668 per
418 2605 507 2649 mare
523 2584 565 2649 ad
576 2591 681 2649 terras
691 2585 792 2665 ipsius
804 2581 953 2666 Comitis,
969 2589 1004 2647 vt
1013 2580 1187 2666 prefertur,

72 2715 133 2759 cum
157 2695 390 2761 sufficientibus
416 2694 554 2759 vassallo
580 2715 636 2757 seu
661 2692 808 2759 vassallis
833 2691 1025 2774 capacitatis
1043 2689 1188 2754 eiusdem

75 2805 258 2883 quantitatis
275 2803 438 2882 frumenti,
454 2802 556 2867 libere
572 2822 592 2864 a
605 2801 678 2884 jure
694 2799 839 2882 quolibet
854 2799 989 2878 exitura,
1005 2797 1153 2862 suetiam
1169 2817 1190 2860 a

71 2912 134 2993 jure
148 2913 255 2978 tareni
271 2911 338 2976 sine
356 2911 468 2993 aliqua
483 2909 741 2974 contradictione
757 2909 939 2991 permistas,
964 2905 1119 2970 mandato
1135 2902 1189 2968 uel

74 3019 267 3085 ordinatione
283 3018 396 3098 aliqua
412 3018 445 3080 in
462 3017 660 3080 contrarium
677 3017 918 3094 nonobstante,
937 3019 1068 3078 seruata
1079 3017 1189 3076 tamen

75 3124 167 3191 forma
190 3131 348 3192 consueta
372 3130 406 3188 et
428 3121 549 3202 debita,
574 3129 642 3186 tarn
668 3121 701 3187 in
723 3120 917 3205 recipiendis
934 3119 1190 3196 fideiussoribus,

75 3253 161 3314 quam
175 3234 207 3298 in
224 3231 468 3316 responsalibus
484 3231 617 3314 ydoneis
634 3228 696 3294 tibi
713 3228 822 3293 debito
839 3234 985 3311 tempore
1000 3223 1189 3292 referendis.

76 3337 189 3405 Datum
213 3339 354 3423 Neapolj
381 3357 440 3422 per
465 3357 581 3402 manns
606 3341 666 3401 etc.
692 3335 745 3400 die
761 3335 848 3401 IIII.
866 3333 1070 3418 Septembris
1087 3331 1190 3398 XIII.

79 3447 262 3513 indictionis.

176 3554 321 3640 (Similes
346 3553 432 3619 facte
459 3559 533 3618 sunt
558 3573 618 3635 pro
636 3547 763 3616 Comite
779 3547 941 3615 Domaldo
958 3545 997 3613 de
1015 3546 1191 3613 Sclauonia

81 3659 114 3726 de
137 3663 257 3728 exitura
283 3661 438 3726 frumenti
464 3660 642 3726 salmarum
667 3665 888 3722 trecentarum
914 3655 956 3720 ad
982 3663 1088 3719 terras
1115 3675 1190 3718 suas

80 3767 258 3836 Sclauoniae
275 3769 509 3854 vehendarum)
526 3767 567 3836 V.
584 3765 788 3849 Septembris
805 3765 911 3830 XIII.
927 3762 1123 3829 indictionis

172 3952 206 4010 (Δ
231 3949 315 4015 ›Reg.
337 3945 485 4014 Angioini«
510 3949 535 3998 X
558 3951 617 3997 105.
632 3961 668 3996 sn.
692 3947 759 4010 Bag.
780 3945 875 3994 Karoli
890 3943 925 3992 11.
941 3945 998 3993 not.
1015 3947 1073 3992 136.
1088 3939 1115 3990 es
1132 3939 1191 3992 153.

81 4038 123 4088 lev.
137 4058 142 4105 ς
160 4057 184 4090 u.
198 4045 234 4104 ο.)
