3222 5240
418 346 482 408 304
763 355 998 405 nrsnonscarsr
1017 341 1182 402 [mutum.

416 516 512 583 morlo
523 517 584 582 sibi
594 515 691 582 vellet
706 515 874 596 inimicari,
891 521 924 580 et
940 485 1021 599 quid
1036 518 1213 598 propterea
1228 511 1325 579 vellet
1340 534 1361 578 a
1376 510 1477 576 nobis.
1491 510 1529 576 Et

342 680 369 694 ..
415 628 450 691 in
466 623 572 689 reditu
588 644 645 689 sno
662 623 772 688 veniat
787 624 936 688 omnibns
952 621 1110 705 predictis
1127 621 1322 688 informatus
1339 620 1381 686 ad
1399 621 1529 704 plenum,
1591 649 1592 652 ¹

371 779 375 786 -
415 739 452 797 ut
468 731 626 816 possimus
643 735 720 796 tunc
736 735 851 794 cuncta
867 750 906 795 ea
922 728 1092 812 providere
1109 735 1143 793 et
1159 736 1275 811 facore,
1291 730 1376 794 sicut
1390 751 1451 813 pro
1466 751 1528 794 nos·
1591 731 1592 762 ³

264 825 271 836 ⁹
310 875 323 906 .·
417 847 470 905 tro
494 838 616 903 honore
642 835 742 902 fuerit
769 841 997 920 opportunum.
1013 834 1090 901 Non
1107 835 1135 918 I,
1151 855 1218 900 non
1235 836 1353 902 sinceri
1369 835 1397 920 I,
1415 836 1454 902 de
1468 859 1531 920 par·

420 957 453 1013 te
468 943 714 1011 LXXXVIII.

525 1052 684 1136 Capta:
710 1051 896 1117 Consulunt
920 1051 1028 1131 etiam,
1054 1050 1142 1132 qnod
1167 1049 1333 1117 scribatur
1360 1049 1530 1118 comitibus
1591 1035 1593 1086 1

421 1160 591 1241 Oorbavie,
606 1158 899 1225 recommendaudo
917 1179 971 1224 ecs
989 1157 1029 1223 de
1044 1158 1149 1224 libere
1164 1159 1341 1238 oblatione,
1357 1181 1454 1243 quam
1470 1181 1530 1224 nos
1592 1155 1593 1160 ’

422 1279 471 1336 tro
488 1268 709 1346 Ambaxatori
724 1265 879 1349 iecerunt,
895 1273 927 1332 et
944 1265 1031 1349 quod
1046 1265 1129 1331 bene
1144 1269 1323 1332 muncimns
1339 1268 1373 1331 in
1390 1270 1444 1348 eis,
1460 1270 1530 1333 sicut

420 1379 572 1443 continue
598 1375 824 1458 sperabamus3
852 1379 885 1437 et
909 1380 1073 1457 rogentur,
1099 1373 1187 1456 qnod
1213 1376 1370 1439 assistant
1385 1377 1531 1442 Nouensi-

373 1505 377 1512 ·
422 1485 481 1552 bus
510 1488 544 1548 et
569 1483 641 1547 aliis
665 1480 815 1552 fidelibus
831 1481 952 1545 nostris
977 1478 1214 1561 favorabiliter,
1239 1487 1275 1545 ut
1300 1502 1484 1564 speramus3
1505 1491 1531 1548 et

421 1591 509 1675 quod
533 1611 631 1673 super
656 1589 740 1667 aliis,
765 1610 827 1672 que
853 1589 1055 1671 scripserunt
1080 1588 1119 1652 de
1134 1588 1331 1653 inimicando
1349 1611 1421 1654 cnm
1436 1611 1557 1674 perso-¹

418 1700 469 1764 nis
493 1703 527 1764 et
551 1697 650 1762 aliter
674 1697 760 1760 dicto
785 1694 975 1776 Budisluvo,
999 1693 1236 1778 respondeatur
1246 1693 1419 1779 eis:Quod
1433 1705 1532 1763 noster

420 1803 625 1870 Ambaxator
651 1803 697 1868 eis
722 1810 867 1868 nostram
882 1802 1095 1868 intentionem
1111 1803 1145 1866 in
1162 1801 1225 1866 hoc
1241 1807 1393 1868 oretenus
1409 1805 1533 1888 explica

419 1913 477 1982 bit
504 1912 549 1976 Et
572 1909 734 1976 scribatur
759 1909 848 1974 dicto
873 1915 983 1974 nostro
1003 1908 1342 1992 Ambaxiatori‚quod
1367 1911 1445 1994 quia
1464 1912 1532 1976 dicti

420 2018 565 2085 Comites
591 2017 685 2083 nobis
711 2016 866 2097 scribunt,
882 2016 971 2100 quod
988 2023 1064 2082 sunt
1079 2017 1189 2098 parati
1205 2016 1368 2083 inimicari
1385 2041 1456 2085 eum
1472 2040 1533 2102 per·

420 2126 506 2192 sonis
531 2125 672 2208 propriis
699 2129 732 2187 et
748 2123 844 2189 aliter
861 2124 947 2188 dioto
963 2123 1152 2203 Budislavc,
1169 2128 1203 2187 et
1219 2129 1343 2208 petunt,
1361 2125 1422 2190 sibi
1437 2126 1534 2210 proni·

419 2234 489 2299 deri
513 2255 572 2316 per
597 2253 654 2298 nos
680 2230 856 2297 secuudum
880 2231 1124 2313 beneplacitum
1148 2239 1297 2297 nostrum
1315 2233 1355 2297 de
1372 2235 1494 2300 damnis
1508 2240 1535 2297 et

421 2342 578 2424 expensis,
605 2341 632 2402 si
648 2360 730 2423 quas
747 2346 921 2423 propterea
938 2343 1178 2422 supportarent,
1185 2361 1248 2422 que
1265 2345 1375 2406 omnia
1392 2341 1468 2407 dicti
1480 2339 1534 2405 Oo-

418 2447 512 2511 mites
539 2445 692 2510 dixerunt
717 2445 815 2510 etiam
841 2444 928 2509 dicto
944 2443 1171 2525 Ambaxatori,
1188 2453 1225 2510 ut
1240 2447 1310 2530 ipse
1327 2469 1387 2530 per
1403 2471 1475 2514 suas
1489 2449 1534 2513 lit·

420 2559 510 2618 teras
534 2554 628 2620 nobis
656 2554 797 2637 scripsit,
815 2553 842 2618 si
859 2553 1027 2632 accideret,
1043 2552 1131 2635 qnod
1146 2552 1236 2620 lacta
1252 2554 1316 2638 ipsi
1332 2552 1534 2621 Ambaxatori

423 2661 561 2727 comissa
586 2682 644 2745 per
668 2661 812 2745 modum,
834 2681 928 2745 quem
954 2659 1017 2724 sibi
1043 2661 1223 2744 scribimus,
1241 2683 1306 2727 non
1322 2669 1452 2745 possent
1466 2660 1535 2727 reci·

422 2791 500 2853 pere
516 2768 792 2851 complementum,
808 2770 933 2833 senciat
948 2791 968 2833 a
985 2767 1079 2832 dictis
1097 2766 1291 2849 Comitibus,
1309 2770 1467 2852 quomodo
1481 2768 1535 2835 sel-

422 2877 492 2941 lent
506 2876 667 2942 inimicari
683 2875 770 2942 dicto
787 2874 974 2955 Budislavo,
991 2883 1023 2938 et
1040 2897 1111 2940 cum
1137 2883 1258 2958 quanta
1283 2884 1388 2960 gente,
1413 2884 1443 2940 et
1458 2873 1534 2960 qnod

424 2990 599 3068 propterea
614 2983 733 3048 vellent
765 3005 785 3048 a
815 2983 917 3062 nobis,
933 2989 966 3048 et
990 2983 1030 3046 de
1057 2983 1174 3066 qnibns
1200 2984 1327 3048 damnis
1344 2991 1378 3049 et
1401 2982 1535 3067 expensis

423 3091 641 3175 provisionem
658 3091 785 3172 vellent,
802 3091 889 3156 etde
906 3090 1062 3174 predictis
1079 3091 1228 3157 omnibus
1256 3099 1290 3157 et
1315 3092 1387 3158 aliis
1402 3090 1536 3156 facienti·

426 3199 487 3266 bus
502 3183 546 3264 ad
562 3197 684 3263 lactum
700 3199 742 3264 ab
759 3201 806 3264 eis
822 3198 934 3264 taliter
959 3219 991 3262 se
1016 3198 1186 3283 informet,
1203 3200 1291 3282 quod
1308 3201 1341 3264 in
1358 3190 1423 3265 eius
1439 3198 1536 3264 reditu

426 3305 523 3388 plene
539 3303 677 3370 sciamus
693 3306 907 3370 intentionem
923 3305 1078 3388 ipsorum.
1096 3305 1219 3372 Omnes
1235 3307 1275 3371 de
1295 3313 1397 3389 parte.

535 3467 570 3526 (Α
586 3468 695 3517 »nisti«
711 3469 801 3517 czimlr
814 3467 952 3519 veleuczei
967 3467 1194 3532 sillamkltnyvbttl
1209 3469 1267 3520 XV.
1283 3469 1341 3520 kot.
1354 3471 1386 3518 63
1397 3469 1458 3531 lev.)

910 3643 1068 3658 ·—-—---—-—d

427 3995 543 4064 liobert
568 3993 694 4060 sicilici
720 3995 901 4081 lsi-rcilynalc
925 3985 1089 4058 retasitdsa
1113 4019 1134 4058 a
1149 3969 1414 4084 nsapyarorsariqi
1428 4007 1533 4080 teuper-

631 4116 753 4188 partra
770 4103 932 4168 candeant
947 4093 1053 4188 bajo‘k'
1073 4109 1232 4168 szdmotra.
1250 4107 1346 4188 1333,

535 4263 620 4328 Pro
646 4264 793 4330 Curia.

534 4375 703 4441 Robertns
734 4383 793 4440 otc.
826 4375 999 4459 Magistris
1025 4373 1215 4440 Portulanis
1248 4369 1370 4458 Apulia
1400 4369 1532 4438 fidelibus

430 4481 552 4546 nostris
567 4483 708 4562 gratiam
726 4489 783 4546 etc.
801 4481 893 4548 Sicut
910 4483 1038 4563 nostris,
1052 4481 1137 4546 infra
1147 4487 1329 4565 presentem
1345 4501 1459 4547 anuum
1469 4477 1531 4542 dun
