<?xml version="1.0" encoding="UTF-8"?>
<!DOCTYPE html PUBLIC "-//W3C//DTD XHTML 1.0 Transitional//EN"
    "http://www.w3.org/TR/xhtml1/DTD/xhtml1-transitional.dtd">
<html xmlns="http://www.w3.org/1999/xhtml" xml:lang="en" lang="en">
 <head>
  <title>
</title>
<meta http-equiv="Content-Type" content="text/html;charset=utf-8" />
  <meta name='ocr-system' content='tesseract 3.04.00' />
  <meta name='ocr-capabilities' content='ocr_page ocr_carea ocr_par ocr_line ocrx_word'/>
</head>
<body>
  <div class='ocr_page' id='page_1' title='image "./magyardiplomacz02wenzgoog_0385.png"; bbox 0 0 3244 5236; ppageno 0'>
   <div class='ocr_carea' id='block_1_1' title="bbox 579 361 713 427">
    <p class='ocr_par' dir='ltr' id='par_1_1' title="bbox 579 361 713 427">
     <span class='ocr_line' id='line_1_1' title="bbox 579 361 713 427; baseline 0 -1"><span class='ocrx_word' id='word_1_1' title='bbox 579 361 673 427; x_wconf 84' lang='lat'>1316.</span> <span class='ocrx_word' id='word_1_2' title='bbox 711 389 713 394; x_wconf 55' lang='lat'><strong><em>¹</em></strong></span> 
     </span>
    </p>
   </div>
   <div class='ocr_carea' id='block_1_2' title="bbox 585 670 658 732">
    <p class='ocr_par' dir='ltr' id='par_1_2' title="bbox 585 670 658 732">
     <span class='ocr_line' id='line_1_2' title="bbox 585 670 658 732; baseline 0.027 -2"><span class='ocrx_word' id='word_1_3' title='bbox 585 670 658 732; x_wconf 88' lang='grc'><strong>344.</strong></span> 
     </span>
    </p>
   </div>
   <div class='ocr_carea' id='block_1_3' title="bbox 3 829 1177 1023">
    <p class='ocr_par' dir='ltr' id='par_1_3' title="bbox 3 829 1177 1023">
     <span class='ocr_line' id='line_1_3' title="bbox 56 829 1177 918; baseline 0.003 -25"><span class='ocrx_word' id='word_1_4' title='bbox 56 829 172 894; x_wconf 68' lang='lat' dir='ltr'><strong>Robora</strong></span> <span class='ocrx_word' id='word_1_5' title='bbox 186 829 315 895; x_wconf 76' lang='lat' dir='ltr'><strong>sicilici</strong></span> <span class='ocrx_word' id='word_1_6' title='bbox 331 829 445 916; x_wconf 72' lang='lat' dir='ltr'><strong>kiraty</strong></span> <span class='ocrx_word' id='word_1_7' title='bbox 468 852 508 895; x_wconf 78' lang='lat' dir='ltr'><strong>aa</strong></span> <span class='ocrx_word' id='word_1_8' title='bbox 534 830 649 894; x_wconf 82' lang='lat' dir='ltr'><strong>Eadrc</strong></span> <span class='ocrx_word' id='word_1_9' title='bbox 675 831 842 896; x_wconf 83' lang='lat' dir='ltr'><strong>calabrici</strong></span> <span class='ocrx_word' id='word_1_10' title='bbox 866 834 994 917; x_wconf 70' lang='lat' dir='ltr'><strong>bercch</strong></span> <span class='ocrx_word' id='word_1_11' title='bbox 1019 831 1177 918; x_wconf 74' lang='lat' dir='ltr'><strong>szolpa&#39;la·</strong></span> 
     </span>
     <span class='ocr_line' id='line_1_4' title="bbox 3 937 1110 1023; baseline 0.002 -23"><span class='ocrx_word' id='word_1_12' title='bbox 3 961 4 966; x_wconf 49' lang='lat'>¹</span> <span class='ocrx_word' id='word_1_13' title='bbox 118 937 221 1001; x_wconf 82' lang='lat' dir='ltr'><strong>ta&#39;daa</strong></span> <span class='ocrx_word' id='word_1_14' title='bbox 236 939 303 1000; x_wconf 83' lang='lat' dir='ltr'><strong>leod</strong></span> <span class='ocrx_word' id='word_1_15' title='bbox 317 938 499 1023; x_wconf 73' lang='lat' dir='ltr'><strong>aaapynrolc</strong></span> <span class='ocrx_word' id='word_1_16' title='bbox 518 939 730 1002; x_wconf 76' lang='lat' dir='ltr'><strong>rabdzatdrdl</strong></span> <span class='ocrx_word' id='word_1_17' title='bbox 754 939 986 1022; x_wconf 72' lang='lat' dir='ltr'><strong>pondoskcdik.</strong></span> <span class='ocrx_word' id='word_1_18' title='bbox 1015 942 1110 1004; x_wconf 81' lang='lat'><strong><em>1336.</em></strong></span> 
     </span>
    </p>
   </div>
   <div class='ocr_carea' id='block_1_4' title="bbox 2 1093 1182 1504">
    <p class='ocr_par' dir='ltr' id='par_1_4' title="bbox 2 1093 1182 1504">
     <span class='ocr_line' id='line_1_5' title="bbox 2 1093 1179 1180; baseline 0.005 -24"><span class='ocrx_word' id='word_1_19' title='bbox 2 1149 3 1156; x_wconf 71' lang='grc'>,</span> <span class='ocrx_word' id='word_1_20' title='bbox 160 1095 328 1162; x_wconf 87' lang='lat' dir='ltr'><strong>Robertus</strong></span> <span class='ocrx_word' id='word_1_21' title='bbox 345 1093 408 1161; x_wconf 92' lang='lat' dir='ltr'><strong>Dei</strong></span> <span class='ocrx_word' id='word_1_22' title='bbox 424 1095 536 1180; x_wconf 82' lang='lat' dir='ltr'><strong>gracia</strong></span> <span class='ocrx_word' id='word_1_23' title='bbox 552 1094 738 1162; x_wconf 82' lang='lat' dir='ltr'><strong>Jerusalem</strong></span> <span class='ocrx_word' id='word_1_24' title='bbox 754 1102 788 1162; x_wconf 89' lang='lat' dir='ltr'><strong>et</strong></span> <span class='ocrx_word' id='word_1_25' title='bbox 804 1097 917 1162; x_wconf 83' lang='lat' dir='ltr'>Sicilie</span> <span class='ocrx_word' id='word_1_26' title='bbox 933 1097 1006 1162; x_wconf 85' lang='lat' dir='ltr'><strong>Rex</strong></span> <span class='ocrx_word' id='word_1_27' title='bbox 1025 1096 1179 1164; x_wconf 86' lang='lat' dir='ltr'><strong>Riccario</strong></span> 
     </span>
     <span class='ocr_line' id='line_1_6' title="bbox 54 1202 1181 1289; baseline 0.003 -22"><span class='ocrx_word' id='word_1_28' title='bbox 54 1203 92 1269; x_wconf 92' lang='lat' dir='ltr'><strong>de</strong></span> <span class='ocrx_word' id='word_1_29' title='bbox 109 1203 218 1270; x_wconf 78' lang='lat' dir='ltr'><strong>Stella</strong></span> <span class='ocrx_word' id='word_1_30' title='bbox 232 1203 356 1288; x_wconf 84' lang='lat' dir='ltr'><strong>Magne</strong></span> <span class='ocrx_word' id='word_1_31' title='bbox 372 1210 482 1270; x_wconf 86' lang='lat' dir='ltr'><strong>nostre</strong></span> <span class='ocrx_word' id='word_1_32' title='bbox 499 1202 600 1269; x_wconf 84' lang='lat' dir='ltr'><strong>Curia</strong></span> <span class='ocrx_word' id='word_1_33' title='bbox 615 1203 779 1287; x_wconf 83' lang='lat' dir='ltr'><strong>Magistro</strong></span> <span class='ocrx_word' id='word_1_34' title='bbox 800 1204 978 1289; x_wconf 85' lang='lat' dir='ltr'><strong>Rationali,</strong></span> <span class='ocrx_word' id='word_1_35' title='bbox 994 1203 1124 1288; x_wconf 84' lang='lat' dir='ltr'><strong>Angelo</strong></span> <span class='ocrx_word' id='word_1_36' title='bbox 1141 1205 1181 1270; x_wconf 90' lang='lat' dir='ltr'><strong>de</strong></span> 
     </span>
     <span class='ocr_line' id='line_1_7' title="bbox 53 1311 1181 1400; baseline 0.001 -23"><span class='ocrx_word' id='word_1_37' title='bbox 53 1311 176 1393; x_wconf 81' lang='lat' dir='ltr'><strong>Mallia,</strong></span> <span class='ocrx_word' id='word_1_38' title='bbox 193 1317 227 1378; x_wconf 91' lang='lat' dir='ltr'><strong>et</strong></span> <span class='ocrx_word' id='word_1_39' title='bbox 243 1313 392 1378; x_wconf 88' lang='lat' dir='ltr'><strong>Johanni</strong></span> <span class='ocrx_word' id='word_1_40' title='bbox 424 1312 465 1377; x_wconf 89' lang='lat' dir='ltr'><strong>de</strong></span> <span class='ocrx_word' id='word_1_41' title='bbox 496 1311 668 1377; x_wconf 87' lang='lat' dir='ltr'><strong>Bernardo</strong></span> <span class='ocrx_word' id='word_1_42' title='bbox 700 1311 743 1400; x_wconf 87' lang='lat' dir='ltr'><strong>de</strong></span> <span class='ocrx_word' id='word_1_43' title='bbox 772 1311 911 1378; x_wconf 88' lang='lat' dir='ltr'><strong>Rauello</strong></span> <span class='ocrx_word' id='word_1_44' title='bbox 943 1311 1181 1396; x_wconf 76' lang='lat' dir='ltr'><strong>Thesaurarijs</strong></span> 
     </span>
     <span class='ocr_line' id='line_1_8' title="bbox 53 1416 1182 1504; baseline 0.001 -21"><span class='ocrx_word' id='word_1_45' title='bbox 53 1416 260 1504; x_wconf 79' lang='lat' dir='ltr'><strong>Consiliarijs</strong></span> <span class='ocrx_word' id='word_1_46' title='bbox 274 1425 308 1484; x_wconf 87' lang='lat' dir='ltr'><strong>et</strong></span> <span class='ocrx_word' id='word_1_47' title='bbox 323 1419 542 1486; x_wconf 83' lang='lat' dir='ltr'><strong>familiaribus</strong></span> <span class='ocrx_word' id='word_1_48' title='bbox 559 1419 680 1486; x_wconf 89' lang='lat' dir='ltr'><strong>nostris</strong></span> <span class='ocrx_word' id='word_1_49' title='bbox 695 1425 755 1484; x_wconf 88' lang='lat' dir='ltr'><strong>etc.</strong></span> <span class='ocrx_word' id='word_1_50' title='bbox 780 1419 961 1486; x_wconf 82' lang='lat' dir='ltr'><strong>Fidelitate</strong></span> <span class='ocrx_word' id='word_1_51' title='bbox 989 1428 1094 1486; x_wconf 83' lang='lat' dir='ltr'><strong>vestre</strong></span> <span class='ocrx_word' id='word_1_52' title='bbox 1110 1442 1182 1503; x_wconf 90' lang='lat' dir='ltr'><strong>pre-</strong></span> 
     </span>
    </p>
   </div>
   <div class='ocr_carea' id='block_1_5' title="bbox 1 1524 1232 3858">
    <p class='ocr_par' dir='ltr' id='par_1_5' title="bbox 52 1524 1180 1611">
     <span class='ocr_line' id='line_1_9' title="bbox 52 1524 1180 1611; baseline 0 -21"><span class='ocrx_word' id='word_1_53' title='bbox 52 1527 199 1611; x_wconf 88' lang='lat' dir='ltr'><strong>cipimus,</strong></span> <span class='ocrx_word' id='word_1_54' title='bbox 216 1532 376 1610; x_wconf 89' lang='lat' dir='ltr'><strong>quatenus</strong></span> <span class='ocrx_word' id='word_1_55' title='bbox 392 1525 532 1593; x_wconf 91' lang='lat' dir='ltr'><strong>Nicolao</strong></span> <span class='ocrx_word' id='word_1_56' title='bbox 546 1526 614 1592; x_wconf 91' lang='lat' dir='ltr'><strong>filio</strong></span> <span class='ocrx_word' id='word_1_57' title='bbox 630 1525 718 1605; x_wconf 74' lang='lat' dir='ltr'><strong>Iule,</strong></span> <span class='ocrx_word' id='word_1_58' title='bbox 744 1524 912 1610; x_wconf 83' lang='lat' dir='ltr'><strong>Stephano</strong></span> <span class='ocrx_word' id='word_1_59' title='bbox 938 1526 1052 1609; x_wconf 85' lang='lat' dir='ltr'><strong>Suhet,</strong></span> <span class='ocrx_word' id='word_1_60' title='bbox 1083 1527 1180 1593; x_wconf 87' lang='lat' dir='ltr'><strong>Nico·</strong></span> 
     </span>
    </p>

    <p class='ocr_par' dir='ltr' id='par_1_6' title="bbox 2 1631 1182 1825">
     <span class='ocr_line' id='line_1_10' title="bbox 2 1631 1181 1718; baseline 0 -20"><span class='ocrx_word' id='word_1_61' title='bbox 2 1687 3 1692; x_wconf 61' lang='grc'>,</span> <span class='ocrx_word' id='word_1_62' title='bbox 52 1634 102 1700; x_wconf 86' lang='lat' dir='ltr'><strong>lao</strong></span> <span class='ocrx_word' id='word_1_63' title='bbox 119 1635 192 1700; x_wconf 93' lang='lat' dir='ltr'><strong>filio</strong></span> <span class='ocrx_word' id='word_1_64' title='bbox 208 1635 356 1714; x_wconf 89' lang='lat' dir='ltr'><strong>nutricis,</strong></span> <span class='ocrx_word' id='word_1_65' title='bbox 387 1641 419 1699; x_wconf 91' lang='lat' dir='ltr'><strong>et</strong></span> <span class='ocrx_word' id='word_1_66' title='bbox 450 1631 607 1717; x_wconf 81' lang='lat' dir='ltr'><strong>Georgia,</strong></span> <span class='ocrx_word' id='word_1_67' title='bbox 638 1632 784 1718; x_wconf 86' lang='lat' dir='ltr'><strong>Vngaris</strong></span> <span class='ocrx_word' id='word_1_68' title='bbox 800 1633 1021 1700; x_wconf 86' lang='lat' dir='ltr'><strong>familiaribus</strong></span> <span class='ocrx_word' id='word_1_69' title='bbox 1047 1632 1181 1717; x_wconf 84' lang='lat' dir='ltr'><strong>Specta-</strong></span> 
     </span>
     <span class='ocr_line' id='line_1_11' title="bbox 53 1737 1182 1825; baseline 0.003 -21"><span class='ocrx_word' id='word_1_70' title='bbox 53 1740 127 1806; x_wconf 89' lang='lat' dir='ltr'><strong>bilis</strong></span> <span class='ocrx_word' id='word_1_71' title='bbox 144 1739 282 1806; x_wconf 89' lang='lat' dir='ltr'><strong>Andree</strong></span> <span class='ocrx_word' id='word_1_72' title='bbox 298 1739 401 1805; x_wconf 87' lang='lat' dir='ltr'><strong>Ducis</strong></span> <span class='ocrx_word' id='word_1_73' title='bbox 418 1737 573 1804; x_wconf 75' lang='lat' dir='ltr'><strong>Calabria</strong></span> <span class='ocrx_word' id='word_1_74' title='bbox 590 1739 699 1805; x_wconf 80' lang='lat' dir='ltr'><strong>vncias</strong></span> <span class='ocrx_word' id='word_1_75' title='bbox 716 1742 788 1806; x_wconf 88' lang='lat' dir='ltr'><strong>auri</strong></span> <span class='ocrx_word' id='word_1_76' title='bbox 803 1737 893 1809; x_wconf 84' lang='lat' dir='ltr'>VIII</span> <span class='ocrx_word' id='word_1_77' title='bbox 917 1739 1071 1824; x_wconf 88' lang='lat' dir='ltr'><strong>ponderis</strong></span> <span class='ocrx_word' id='word_1_78' title='bbox 1088 1763 1182 1825; x_wconf 91' lang='lat' dir='ltr'><strong>gene-</strong></span> 
     </span>
    </p>

    <p class='ocr_par' dir='ltr' id='par_1_7' title="bbox 1 1847 1183 2041">
     <span class='ocr_line' id='line_1_12' title="bbox 1 1847 1183 1938; baseline -0.001 -26"><span class='ocrx_word' id='word_1_79' title='bbox 1 1935 2 1938; x_wconf 8' lang='lat'><em>*</em></span> <span class='ocrx_word' id='word_1_80' title='bbox 52 1847 102 1927; x_wconf 87' lang='lat' dir='ltr'><strong>lis,</strong></span> <span class='ocrx_word' id='word_1_81' title='bbox 118 1848 258 1914; x_wconf 85' lang='lat' dir='ltr'><strong>cuilibet</strong></span> <span class='ocrx_word' id='word_1_82' title='bbox 275 1847 401 1912; x_wconf 89' lang='lat' dir='ltr'><strong>scilicet</strong></span> <span class='ocrx_word' id='word_1_83' title='bbox 432 1867 546 1913; x_wconf 90' lang='lat' dir='ltr'><strong>eorum</strong></span> <span class='ocrx_word' id='word_1_84' title='bbox 571 1847 681 1914; x_wconf 77' lang='lat' dir='ltr'><strong>uncias</strong></span> <span class='ocrx_word' id='word_1_85' title='bbox 706 1847 798 1926; x_wconf 89' lang='lat' dir='ltr'><strong>duas,</strong></span> <span class='ocrx_word' id='word_1_86' title='bbox 824 1869 905 1930; x_wconf 89' lang='lat' dir='ltr'><strong>quas</strong></span> <span class='ocrx_word' id='word_1_87' title='bbox 930 1849 976 1913; x_wconf 90' lang='lat' dir='ltr'><strong>eis</strong></span> <span class='ocrx_word' id='word_1_88' title='bbox 993 1870 1052 1931; x_wconf 91' lang='lat' dir='ltr'><strong>pro</strong></span> <span class='ocrx_word' id='word_1_89' title='bbox 1070 1849 1183 1915; x_wconf 88' lang='lat' dir='ltr'><strong>robbis</strong></span> 
     </span>
     <span class='ocr_line' id='line_1_13' title="bbox 53 1953 1183 2041; baseline -0.001 -20"><span class='ocrx_word' id='word_1_90' title='bbox 53 1977 167 2022; x_wconf 86' lang='lat' dir='ltr'><strong>eorum</strong></span> <span class='ocrx_word' id='word_1_91' title='bbox 199 1958 359 2039; x_wconf 87' lang='lat' dir='ltr'><strong>presentis</strong></span> <span class='ocrx_word' id='word_1_92' title='bbox 392 1956 470 2022; x_wconf 90' lang='lat' dir='ltr'><strong>anni</strong></span> <span class='ocrx_word' id='word_1_93' title='bbox 500 1953 543 2022; x_wconf 88' lang='lat' dir='ltr'><strong>V.</strong></span> <span class='ocrx_word' id='word_1_94' title='bbox 559 1955 764 2037; x_wconf 85' lang='lat' dir='ltr'>indictionis,</span> <span class='ocrx_word' id='word_1_95' title='bbox 790 1977 937 2023; x_wconf 90' lang='lat' dir='ltr'><strong>necnon</strong></span> <span class='ocrx_word' id='word_1_96' title='bbox 962 1979 1023 2041; x_wconf 89' lang='lat' dir='ltr'><strong>pro</strong></span> <span class='ocrx_word' id='word_1_97' title='bbox 1039 1957 1183 2023; x_wconf 88' lang='lat' dir='ltr'><strong>emendis</strong></span> 
     </span>
    </p>

    <p class='ocr_par' dir='ltr' id='par_1_8' title="bbox 1 2063 1232 2994">
     <span class='ocr_line' id='line_1_14' title="bbox 1 2063 1181 2149; baseline 0.002 -21"><span class='ocrx_word' id='word_1_98' title='bbox 1 2095 2 2128; x_wconf 81' lang='grc'>;</span> <span class='ocrx_word' id='word_1_99' title='bbox 52 2067 155 2130; x_wconf 87' lang='lat' dir='ltr'><strong>certis</strong></span> <span class='ocrx_word' id='word_1_100' title='bbox 174 2064 247 2147; x_wconf 88' lang='lat' dir='ltr'><strong>alijs</strong></span> <span class='ocrx_word' id='word_1_101' title='bbox 263 2065 360 2131; x_wconf 86' lang='lat' dir='ltr'><strong>rebus</strong></span> <span class='ocrx_word' id='word_1_102' title='bbox 376 2063 566 2130; x_wconf 88' lang='lat' dir='ltr'><strong>necessariis</strong></span> <span class='ocrx_word' id='word_1_103' title='bbox 582 2085 642 2147; x_wconf 91' lang='lat' dir='ltr'><strong>pro</strong></span> <span class='ocrx_word' id='word_1_104' title='bbox 668 2085 808 2149; x_wconf 87' lang='lat' dir='ltr'><strong>persona</strong></span> <span class='ocrx_word' id='word_1_105' title='bbox 832 2064 912 2129; x_wconf 88' lang='lat' dir='ltr'><strong>dicti</strong></span> <span class='ocrx_word' id='word_1_106' title='bbox 923 2063 1061 2148; x_wconf 86' lang='lat' dir='ltr'><strong>Georgii</strong></span> <span class='ocrx_word' id='word_1_107' title='bbox 1075 2065 1181 2149; x_wconf 87' lang='lat' dir='ltr'><strong>proni-</strong></span> 
     </span>
     <span class='ocr_line' id='line_1_15' title="bbox 52 2170 1182 2255; baseline 0 -18"><span class='ocrx_word' id='word_1_108' title='bbox 52 2173 165 2238; x_wconf 89' lang='lat' dir='ltr'><strong>dimus</strong></span> <span class='ocrx_word' id='word_1_109' title='bbox 190 2172 345 2252; x_wconf 84' lang='lat' dir='ltr'><strong>exhiberi,</strong></span> <span class='ocrx_word' id='word_1_110' title='bbox 371 2170 412 2237; x_wconf 91' lang='lat' dir='ltr'><strong>de</strong></span> <span class='ocrx_word' id='word_1_111' title='bbox 438 2193 630 2255; x_wconf 87' lang='lat' dir='ltr'><strong>quacunque</strong></span> <span class='ocrx_word' id='word_1_112' title='bbox 655 2174 794 2255; x_wconf 90' lang='lat' dir='ltr'><strong>pecunia</strong></span> <span class='ocrx_word' id='word_1_113' title='bbox 821 2172 979 2237; x_wconf 83' lang='lat' dir='ltr'><strong>existente</strong></span> <span class='ocrx_word' id='word_1_114' title='bbox 1004 2172 1055 2238; x_wconf 86' lang='lat' dir='ltr'><strong>rel</strong></span> <span class='ocrx_word' id='word_1_115' title='bbox 1072 2171 1182 2238; x_wconf 84' lang='lat' dir='ltr'><strong>futura</strong></span> 
     </span>
     <span class='ocr_line' id='line_1_16' title="bbox 51 2278 1182 2365; baseline -0.002 -18"><span class='ocrx_word' id='word_1_116' title='bbox 51 2304 110 2365; x_wconf 90' lang='lat' dir='ltr'><strong>per</strong></span> <span class='ocrx_word' id='word_1_117' title='bbox 127 2301 247 2347; x_wconf 87' lang='lat' dir='ltr'><strong>manus</strong></span> <span class='ocrx_word' id='word_1_118' title='bbox 261 2287 389 2346; x_wconf 82' lang='lat' dir='ltr'><strong>vestras</strong></span> <span class='ocrx_word' id='word_1_119' title='bbox 404 2281 438 2344; x_wconf 94' lang='lat' dir='ltr'><strong>in</strong></span> <span class='ocrx_word' id='word_1_120' title='bbox 454 2278 595 2346; x_wconf 75' lang='lat' dir='ltr'><strong>(lamera</strong></span> <span class='ocrx_word' id='word_1_121' title='bbox 619 2287 732 2346; x_wconf 88' lang='lat' dir='ltr'><strong>nostra</strong></span> <span class='ocrx_word' id='word_1_122' title='bbox 757 2281 885 2346; x_wconf 89' lang='lat' dir='ltr'><strong>soluere</strong></span> <span class='ocrx_word' id='word_1_123' title='bbox 909 2286 943 2344; x_wconf 86' lang='lat' dir='ltr'><strong>et</strong></span> <span class='ocrx_word' id='word_1_124' title='bbox 959 2280 1111 2347; x_wconf 85' lang='lat' dir='ltr'><strong>exhibere</strong></span> <span class='ocrx_word' id='word_1_125' title='bbox 1129 2303 1182 2345; x_wconf 90' lang='lat' dir='ltr'><strong>cu·</strong></span> 
     </span>
     <span class='ocr_line' id='line_1_17' title="bbox 52 2385 1232 2473; baseline -0.003 -17"><span class='ocrx_word' id='word_1_126' title='bbox 52 2393 144 2456; x_wconf 82' lang='lat' dir='ltr'><strong>retis</strong></span> <span class='ocrx_word' id='word_1_127' title='bbox 163 2387 216 2453; x_wconf 90' lang='lat' dir='ltr'><strong>De</strong></span> <span class='ocrx_word' id='word_1_128' title='bbox 233 2388 324 2454; x_wconf 92' lang='lat' dir='ltr'><strong>cuius</strong></span> <span class='ocrx_word' id='word_1_129' title='bbox 339 2387 476 2470; x_wconf 91' lang='lat' dir='ltr'><strong>pecunie</strong></span> <span class='ocrx_word' id='word_1_130' title='bbox 493 2387 657 2453; x_wconf 84' lang='lat' dir='ltr'><strong>solucione</strong></span> <span class='ocrx_word' id='word_1_131' title='bbox 681 2385 831 2452; x_wconf 88' lang='lat' dir='ltr'><strong>facienda</strong></span> <span class='ocrx_word' id='word_1_132' title='bbox 856 2409 916 2473; x_wconf 90' lang='lat' dir='ltr'><strong>per</strong></span> <span class='ocrx_word' id='word_1_133' title='bbox 931 2408 998 2472; x_wconf 75' lang='lat' dir='ltr'><strong>voa,</strong></span> <span class='ocrx_word' id='word_1_134' title='bbox 1013 2388 1098 2453; x_wconf 86' lang='lat' dir='ltr'><strong>sicut</strong></span> <span class='ocrx_word' id='word_1_135' title='bbox 1114 2408 1185 2472; x_wconf 90' lang='lat' dir='ltr'><strong>pre·</strong></span> <span class='ocrx_word' id='word_1_136' title='bbox 1222 2446 1232 2468; x_wconf 84' lang='grc'>,</span> 
     </span>
     <span class='ocr_line' id='line_1_18' title="bbox 53 2490 1185 2578; baseline -0.003 -16"><span class='ocrx_word' id='word_1_137' title='bbox 53 2497 189 2578; x_wconf 84' lang='lat' dir='ltr'><strong>dicitur,</strong></span> <span class='ocrx_word' id='word_1_138' title='bbox 204 2493 385 2561; x_wconf 88' lang='lat' dir='ltr'><strong>rationibus</strong></span> <span class='ocrx_word' id='word_1_139' title='bbox 400 2495 518 2560; x_wconf 82' lang='lat' dir='ltr'><strong>vestris</strong></span> <span class='ocrx_word' id='word_1_140' title='bbox 542 2490 666 2575; x_wconf 88' lang='lat' dir='ltr'><strong>absque</strong></span> <span class='ocrx_word' id='word_1_141' title='bbox 693 2492 835 2576; x_wconf 88' lang='lat' dir='ltr'><strong>apodixa</strong></span> <span class='ocrx_word' id='word_1_142' title='bbox 866 2495 1011 2577; x_wconf 89' lang='lat' dir='ltr'><strong>ipsorum</strong></span> <span class='ocrx_word' id='word_1_143' title='bbox 1027 2493 1124 2561; x_wconf 89' lang='lat' dir='ltr'><strong>fidem</strong></span> <span class='ocrx_word' id='word_1_144' title='bbox 1139 2504 1185 2559; x_wconf 82' lang='lat' dir='ltr'><strong>ln-</strong></span> 
     </span>
     <span class='ocr_line' id='line_1_19' title="bbox 51 2601 1186 2686; baseline -0.003 -15"><span class='ocrx_word' id='word_1_145' title='bbox 51 2605 193 2671; x_wconf 80' lang='lat' dir='ltr'><strong>dubiam</strong></span> <span class='ocrx_word' id='word_1_146' title='bbox 211 2604 358 2670; x_wconf 88' lang='lat' dir='ltr'><strong>volumus</strong></span> <span class='ocrx_word' id='word_1_147' title='bbox 375 2601 542 2683; x_wconf 88' lang='lat' dir='ltr'><strong>adhiberi;</strong></span> <span class='ocrx_word' id='word_1_148' title='bbox 573 2601 672 2667; x_wconf 87' lang='lat' dir='ltr'><strong>nullis</strong></span> <span class='ocrx_word' id='word_1_149' title='bbox 689 2602 827 2668; x_wconf 84' lang='lat' dir='ltr'><strong>cautelis</strong></span> <span class='ocrx_word' id='word_1_150' title='bbox 844 2602 926 2686; x_wconf 72' lang='lat' dir='ltr'><strong>alijs</strong></span> <span class='ocrx_word' id='word_1_151' title='bbox 944 2622 1042 2685; x_wconf 91' lang='lat' dir='ltr'><strong>quam</strong></span> <span class='ocrx_word' id='word_1_152' title='bbox 1057 2623 1186 2686; x_wconf 88' lang='lat' dir='ltr'><strong>presen·</strong></span> 
     </span>
     <span class='ocr_line' id='line_1_20' title="bbox 52 2703 1186 2794; baseline -0.004 -17"><span class='ocrx_word' id='word_1_153' title='bbox 52 2714 156 2792; x_wconf 88' lang='lat' dir='ltr'><strong>tibus,</strong></span> <span class='ocrx_word' id='word_1_154' title='bbox 184 2733 203 2777; x_wconf 90' lang='lat' dir='ltr'><strong>a</strong></span> <span class='ocrx_word' id='word_1_155' title='bbox 229 2710 319 2777; x_wconf 81' lang='lat' dir='ltr'><strong>vobis</strong></span> <span class='ocrx_word' id='word_1_156' title='bbox 342 2717 518 2794; x_wconf 87' lang='lat' dir='ltr'><strong>propterea</strong></span> <span class='ocrx_word' id='word_1_157' title='bbox 543 2709 758 2790; x_wconf 84' lang='lat' dir='ltr'><strong>requirendis.</strong></span> <span class='ocrx_word' id='word_1_158' title='bbox 783 2703 906 2774; x_wconf 85' lang='lat' dir='ltr'><strong>Datum</strong></span> <span class='ocrx_word' id='word_1_159' title='bbox 931 2707 1075 2792; x_wconf 88' lang='lat' dir='ltr'><strong>Neapoli</strong></span> <span class='ocrx_word' id='word_1_160' title='bbox 1099 2727 1186 2773; x_wconf 89' lang='lat' dir='ltr'><strong>anno</strong></span> 
     </span>
     <span class='ocr_line' id='line_1_21' title="bbox 51 2814 1186 2886; baseline -0.004 -2"><span class='ocrx_word' id='word_1_161' title='bbox 51 2817 196 2884; x_wconf 91' lang='lat' dir='ltr'><strong>Domini</strong></span> <span class='ocrx_word' id='word_1_162' title='bbox 220 2817 270 2884; x_wconf 83' lang='grc' dir='ltr'><strong>Μῦ</strong></span> <span class='ocrx_word' id='word_1_163' title='bbox 296 2815 395 2884; x_wconf 56' lang='grc'>0000</span> <span class='ocrx_word' id='word_1_164' title='bbox 420 2815 599 2886; x_wconf 82' lang='lat' dir='ltr'>XXXVI⁰</span> <span class='ocrx_word' id='word_1_165' title='bbox 624 2816 676 2881; x_wconf 92' lang='lat' dir='ltr'><strong>die</strong></span> <span class='ocrx_word' id='word_1_166' title='bbox 707 2815 854 2882; x_wconf 81' lang='lat' dir='ltr'>XXIII⁰</span> <span class='ocrx_word' id='word_1_167' title='bbox 869 2814 1063 2882; x_wconf 87' lang='lat' dir='ltr'><strong>Decembris</strong></span> <span class='ocrx_word' id='word_1_168' title='bbox 1079 2815 1121 2885; x_wconf 78' lang='lat' dir='ltr'><strong>V.</strong></span> <span class='ocrx_word' id='word_1_169' title='bbox 1138 2816 1186 2880; x_wconf 90' lang='lat' dir='ltr'><strong>in·</strong></span> 
     </span>
     <span class='ocr_line' id='line_1_22' title="bbox 52 2926 223 2994; baseline -0.012 -2"><span class='ocrx_word' id='word_1_170' title='bbox 52 2926 223 2994; x_wconf 86' lang='lat' dir='ltr'><strong>dictionis.</strong></span> 
     </span>
    </p>

    <p class='ocr_par' dir='ltr' id='par_1_9' title="bbox 48 3025 1193 3858">
     <span class='ocr_line' id='line_1_23' title="bbox 169 3025 1188 3116; baseline -0.005 -18"><span class='ocrx_word' id='word_1_171' title='bbox 169 3031 272 3098; x_wconf 78' lang='lat' dir='ltr'><strong>Cuius</strong></span> <span class='ocrx_word' id='word_1_172' title='bbox 287 3032 485 3099; x_wconf 84' lang='lat' dir='ltr'><strong>auctoritate</strong></span> <span class='ocrx_word' id='word_1_173' title='bbox 511 3031 659 3097; x_wconf 84' lang='lat' dir='ltr'><strong>mandati</strong></span> <span class='ocrx_word' id='word_1_174' title='bbox 685 3031 739 3096; x_wconf 89' lang='lat' dir='ltr'><strong>die</strong></span> <span class='ocrx_word' id='word_1_175' title='bbox 750 3029 895 3098; x_wconf 86' lang='lat' dir='ltr'>XXIII.</span> <span class='ocrx_word' id='word_1_176' title='bbox 911 3025 1053 3116; x_wconf 86' lang='lat' dir='ltr'><strong>predicti</strong></span> <span class='ocrx_word' id='word_1_177' title='bbox 1067 3027 1188 3096; x_wconf 89' lang='lat' dir='ltr'><strong>mensis</strong></span> 
     </span>
     <span class='ocr_line' id='line_1_24' title="bbox 51 3136 1189 3225; baseline -0.006 -15"><span class='ocrx_word' id='word_1_178' title='bbox 51 3141 254 3210; x_wconf 88' lang='lat' dir='ltr'><strong>Decembris</strong></span> <span class='ocrx_word' id='word_1_179' title='bbox 271 3141 416 3225; x_wconf 88' lang='lat' dir='ltr'><strong>Neapoli</strong></span> <span class='ocrx_word' id='word_1_180' title='bbox 440 3141 545 3206; x_wconf 87' lang='lat' dir='ltr'><strong>solute</strong></span> <span class='ocrx_word' id='word_1_181' title='bbox 570 3146 647 3206; x_wconf 88' lang='lat' dir='ltr'><strong>sunt</strong></span> <span class='ocrx_word' id='word_1_182' title='bbox 674 3137 836 3224; x_wconf 81' lang='lat' dir='ltr'><strong>predictis</strong></span> <span class='ocrx_word' id='word_1_183' title='bbox 862 3138 1002 3206; x_wconf 88' lang='lat' dir='ltr'><strong>Nicolao</strong></span> <span class='ocrx_word' id='word_1_184' title='bbox 1017 3139 1084 3204; x_wconf 89' lang='lat' dir='ltr'><strong>filio</strong></span> <span class='ocrx_word' id='word_1_185' title='bbox 1100 3136 1189 3219; x_wconf 87' lang='lat' dir='ltr'><strong>Jule‚</strong></span> 
     </span>
     <span class='ocr_line' id='line_1_25' title="bbox 52 3247 1189 3336; baseline -0.008 -17"><span class='ocrx_word' id='word_1_186' title='bbox 52 3251 232 3336; x_wconf 83' lang='lat' dir='ltr'><strong>Stephano</strong></span> <span class='ocrx_word' id='word_1_187' title='bbox 263 3247 376 3330; x_wconf 87' lang='lat' dir='ltr'><strong>Subet,</strong></span> <span class='ocrx_word' id='word_1_188' title='bbox 408 3247 547 3314; x_wconf 92' lang='lat' dir='ltr'><strong>Nicolao</strong></span> <span class='ocrx_word' id='word_1_189' title='bbox 574 3248 642 3315; x_wconf 89' lang='lat' dir='ltr'><strong>filio</strong></span> <span class='ocrx_word' id='word_1_190' title='bbox 667 3251 806 3315; x_wconf 88' lang='lat' dir='ltr'><strong>nutricis</strong></span> <span class='ocrx_word' id='word_1_191' title='bbox 823 3257 857 3316; x_wconf 86' lang='lat' dir='ltr'><strong>et</strong></span> <span class='ocrx_word' id='word_1_192' title='bbox 874 3247 1025 3331; x_wconf 82' lang='lat' dir='ltr'><strong>Georgio,</strong></span> <span class='ocrx_word' id='word_1_193' title='bbox 1042 3247 1189 3330; x_wconf 82' lang='lat' dir='ltr'><strong>Vagaris</strong></span> 
     </span>
     <span class='ocr_line' id='line_1_26' title="bbox 51 3351 1191 3440; baseline -0.007 -15"><span class='ocrx_word' id='word_1_194' title='bbox 51 3358 283 3426; x_wconf 85' lang='lat' dir='ltr'><strong>familiaribus</strong></span> <span class='ocrx_word' id='word_1_195' title='bbox 300 3355 496 3440; x_wconf 81' lang='lat' dir='ltr'><strong>Spectabilis</strong></span> <span class='ocrx_word' id='word_1_196' title='bbox 513 3354 637 3422; x_wconf 88' lang='lat' dir='ltr'><strong>domini</strong></span> <span class='ocrx_word' id='word_1_197' title='bbox 653 3353 787 3421; x_wconf 87' lang='lat' dir='ltr'><strong>Andree</strong></span> <span class='ocrx_word' id='word_1_198' title='bbox 803 3357 907 3423; x_wconf 89' lang='lat' dir='ltr'><strong>Ducis</strong></span> <span class='ocrx_word' id='word_1_199' title='bbox 927 3351 1093 3438; x_wconf 79' lang='lat' dir='ltr'><strong>Calabria,</strong></span> <span class='ocrx_word' id='word_1_200' title='bbox 1109 3375 1191 3437; x_wconf 87' lang='lat' dir='ltr'><strong>quas</strong></span> 
     </span>
     <span class='ocr_line' id='line_1_27' title="bbox 52 3461 1193 3548; baseline -0.008 -14"><span class='ocrx_word' id='word_1_201' title='bbox 52 3472 103 3534; x_wconf 84' lang='lat' dir='ltr'><strong>eis</strong></span> <span class='ocrx_word' id='word_1_202' title='bbox 122 3467 278 3532; x_wconf 91' lang='lat' dir='ltr'><strong>dominus</strong></span> <span class='ocrx_word' id='word_1_203' title='bbox 293 3463 367 3529; x_wconf 85' lang='lat' dir='ltr'><strong>Rex</strong></span> <span class='ocrx_word' id='word_1_204' title='bbox 382 3484 442 3548; x_wconf 88' lang='lat' dir='ltr'><strong>pro</strong></span> <span class='ocrx_word' id='word_1_205' title='bbox 458 3462 569 3528; x_wconf 90' lang='lat' dir='ltr'><strong>robbis</strong></span> <span class='ocrx_word' id='word_1_206' title='bbox 586 3483 699 3529; x_wconf 88' lang='lat' dir='ltr'><strong>eorum</strong></span> <span class='ocrx_word' id='word_1_207' title='bbox 715 3464 874 3546; x_wconf 89' lang='lat' dir='ltr'><strong>presentis</strong></span> <span class='ocrx_word' id='word_1_208' title='bbox 892 3463 968 3528; x_wconf 91' lang='lat' dir='ltr'><strong>anni</strong></span> <span class='ocrx_word' id='word_1_209' title='bbox 984 3461 1026 3531; x_wconf 88' lang='lat' dir='ltr'><strong>V.</strong></span> <span class='ocrx_word' id='word_1_210' title='bbox 1042 3461 1193 3526; x_wconf 88' lang='lat' dir='ltr'><strong>indictio·</strong></span> 
     </span>
     <span class='ocr_line' id='line_1_28' title="bbox 50 3568 1191 3659; baseline -0.01 -17"><span class='ocrx_word' id='word_1_211' title='bbox 50 3576 119 3659; x_wconf 86' lang='lat' dir='ltr'><strong>nis,</strong></span> <span class='ocrx_word' id='word_1_212' title='bbox 138 3595 202 3640; x_wconf 89' lang='lat' dir='ltr'><strong>nec</strong></span> <span class='ocrx_word' id='word_1_213' title='bbox 219 3595 283 3638; x_wconf 93' lang='lat' dir='ltr'><strong>non</strong></span> <span class='ocrx_word' id='word_1_214' title='bbox 300 3593 359 3656; x_wconf 89' lang='lat' dir='ltr'><strong>pro</strong></span> <span class='ocrx_word' id='word_1_215' title='bbox 376 3569 520 3637; x_wconf 89' lang='lat' dir='ltr'><strong>emendis</strong></span> <span class='ocrx_word' id='word_1_216' title='bbox 535 3568 609 3634; x_wconf 88' lang='lat' dir='ltr'><strong>aliis</strong></span> <span class='ocrx_word' id='word_1_217' title='bbox 625 3568 723 3635; x_wconf 89' lang='lat' dir='ltr'><strong>rebus</strong></span> <span class='ocrx_word' id='word_1_218' title='bbox 748 3571 940 3637; x_wconf 87' lang='lat' dir='ltr'><strong>necessariis</strong></span> <span class='ocrx_word' id='word_1_219' title='bbox 965 3589 1026 3655; x_wconf 90' lang='lat' dir='ltr'><strong>pro</strong></span> <span class='ocrx_word' id='word_1_220' title='bbox 1050 3589 1191 3652; x_wconf 87' lang='lat' dir='ltr'><strong>persona</strong></span> 
     </span>
     <span class='ocr_line' id='line_1_29' title="bbox 48 3673 1193 3765; baseline -0.011 -15"><span class='ocrx_word' id='word_1_221' title='bbox 48 3685 140 3750; x_wconf 87' lang='lat' dir='ltr'><strong>dicti</strong></span> <span class='ocrx_word' id='word_1_222' title='bbox 161 3680 298 3765; x_wconf 86' lang='lat' dir='ltr'><strong>Georgii</strong></span> <span class='ocrx_word' id='word_1_223' title='bbox 309 3678 458 3746; x_wconf 79' lang='lat' dir='ltr'><strong>exhiberi</strong></span> <span class='ocrx_word' id='word_1_224' title='bbox 467 3676 615 3761; x_wconf 89' lang='lat' dir='ltr'><strong>prouidit</strong></span> <span class='ocrx_word' id='word_1_225' title='bbox 625 3678 658 3743; x_wconf 87' lang='lat' dir='ltr'><strong>in</strong></span> <span class='ocrx_word' id='word_1_226' title='bbox 669 3677 829 3744; x_wconf 87' lang='lat' dir='ltr'><strong>carolenis</strong></span> <span class='ocrx_word' id='word_1_227' title='bbox 840 3679 968 3762; x_wconf 87' lang='lat' dir='ltr'><strong>argenti</strong></span> <span class='ocrx_word' id='word_1_228' title='bbox 984 3677 1075 3741; x_wconf 80' lang='lat' dir='ltr'><strong>rncie</strong></span> <span class='ocrx_word' id='word_1_229' title='bbox 1097 3673 1193 3738; x_wconf 88' lang='lat' dir='ltr'>XIII</span> 
     </span>
     <span class='ocr_line' id='line_1_30' title="bbox 50 3785 537 3858; baseline -0.012 0"><span class='ocrx_word' id='word_1_230' title='bbox 50 3791 199 3858; x_wconf 82' lang='lat' dir='ltr'><strong>cuilibet</strong></span> <span class='ocrx_word' id='word_1_231' title='bbox 216 3788 343 3854; x_wconf 90' lang='lat' dir='ltr'><strong>scilieet</strong></span> <span class='ocrx_word' id='word_1_232' title='bbox 358 3787 448 3852; x_wconf 84' lang='lat' dir='ltr'><strong>vncie</strong></span> <span class='ocrx_word' id='word_1_233' title='bbox 465 3785 537 3852; x_wconf 90' lang='lat' dir='ltr'><strong>due.</strong></span> 
     </span>
    </p>
   </div>
   <div class='ocr_carea' id='block_1_6' title="bbox 50 3945 1191 4089">
    <p class='ocr_par' dir='ltr' id='par_1_10' title="bbox 50 3945 1191 4089">
     <span class='ocr_line' id='line_1_31' title="bbox 172 3945 1191 4018; baseline -0.012 -15"><span class='ocrx_word' id='word_1_234' title='bbox 172 3949 209 4018; x_wconf 82' lang='grc' dir='ltr'><strong>(Α</strong></span> <span class='ocrx_word' id='word_1_235' title='bbox 224 3952 308 4015; x_wconf 67' lang='lat' dir='ltr'><strong>»Bag</strong></span> <span class='ocrx_word' id='word_1_236' title='bbox 321 3949 472 4013; x_wconf 78' lang='lat' dir='ltr'><strong>Angioini«</strong></span> <span class='ocrx_word' id='word_1_237' title='bbox 486 3951 518 4008; x_wconf 84' lang='lat' dir='ltr'><strong>Q.</strong></span> <span class='ocrx_word' id='word_1_238' title='bbox 544 3951 604 3998; x_wconf 82' lang='grc'><strong>269.</strong></span> <span class='ocrx_word' id='word_1_239' title='bbox 618 3964 655 4001; x_wconf 79' lang='lat' dir='ltr'><strong>sa.</strong></span> <span class='ocrx_word' id='word_1_240' title='bbox 678 3946 746 4013; x_wconf 83' lang='lat' dir='ltr'><strong>Reg.</strong></span> <span class='ocrx_word' id='word_1_241' title='bbox 760 3947 873 3998; x_wconf 83' lang='lat' dir='ltr'><strong>Roberti</strong></span> <span class='ocrx_word' id='word_1_242' title='bbox 894 3949 925 3997; x_wconf 85' lang='lat' dir='ltr'><strong>R.</strong></span> <span class='ocrx_word' id='word_1_243' title='bbox 946 3945 1003 3995; x_wconf 81' lang='lat' dir='ltr'><strong>kat.</strong></span> <span class='ocrx_word' id='word_1_244' title='bbox 1018 3949 1059 3996; x_wconf 83' lang='grc'><strong>75.</strong></span> <span class='ocrx_word' id='word_1_245' title='bbox 1082 3946 1145 4004; x_wconf 68' lang='lat' dir='ltr'><strong>lev„</strong></span> <span class='ocrx_word' id='word_1_246' title='bbox 1159 3957 1191 3991; x_wconf 82' lang='lat' dir='ltr'><strong>az</strong></span> 
     </span>
     <span class='ocr_line' id='line_1_32' title="bbox 50 4019 738 4089; baseline -0.013 -11"><span class='ocrx_word' id='word_1_247' title='bbox 50 4031 132 4084; x_wconf 75' lang='lat' dir='ltr'><strong>olm</strong></span> <span class='ocrx_word' id='word_1_248' title='bbox 148 4026 204 4076; x_wconf 86' lang='lat' dir='ltr'><strong>kir.</strong></span> <span class='ocrx_word' id='word_1_249' title='bbox 219 4023 331 4076; x_wconf 84' lang='lat' dir='ltr'><strong>Grande</strong></span> <span class='ocrx_word' id='word_1_250' title='bbox 345 4021 535 4070; x_wconf 79' lang='lat' dir='ltr'><strong>Archivioban</strong></span> <span class='ocrx_word' id='word_1_251' title='bbox 549 4019 738 4089; x_wconf 73' lang='lat' dir='ltr'><strong>Napolyban.)</strong></span> 
     </span>
    </p>
   </div>
   <div class='ocr_carea' id='block_1_7' title="bbox 552 4310 712 4324">
    <p class='ocr_par' dir='ltr' id='par_1_11' title="bbox 552 4310 712 4324">
     <span class='ocr_line' id='line_1_33' title="bbox 552 4310 712 4324; baseline 0 -4"><span class='ocrx_word' id='word_1_252' title='bbox 552 4310 712 4324; x_wconf 48' lang='grc' dir='ltr'><strong>...ψη-η</strong></span> 
     </span>
    </p>
   </div>
   <div class='ocr_carea' id='block_1_8' title="bbox 0 0 1626 5236">
    <p class='ocr_par' dir='ltr' id='par_1_12' title="bbox 0 0 1626 5236">
     <span class='ocr_line' id='line_1_34' title="bbox 0 0 1626 5236; baseline 0 0"><span class='ocrx_word' id='word_1_253' title='bbox 0 0 1626 5236; x_wconf 95' lang='lat' dir='ltr'><strong> </strong></span> 
     </span>
    </p>
   </div>
  </div>
 </body>
</html>
