3244 5236
757 359 987 406 urreenaoamr
1007 349 1174 410 amenus

941 613 1014 679 364.

432 791 549 856 Robore
574 791 701 877 Ka'rely
718 813 855 878 mappas·
871 791 984 880 kiroly
1001 793 1240 861 Dalmdtidben
1256 797 1402 861 udretilc.
1424 799 1509 861 1340.

500 947 600 1015 Anne
617 949 751 1016 Domini
762 947 1070 1018 MOOOXXXIX.
1081 952 1526 1040 dieneneMareii.Capta:

413 1054 549 1122 Auditis
573 1063 606 1124 et
631 1059 809 1127 intellectis
832 1059 951 1125 litteris
967 1057 1130 1126 Comitum
1150 1061 1246 1146 Arbi,
1262 1058 1360 1130 Nune
1376 1068 1410 1129 et
1425 1061 1526 1144 Jadrc,

412 1169 446 1229 et
471 1163 657 1247 specialiter
682 1164 749 1230 illis
775 1163 915 1232 Comitis
940 1165 1033 1248 Arbi,
1059 1191 1123 1251 que
1147 1171 1316 1236 continent
1345 1171 1386 1236 de
1411 1168 1526 1236 Gemite

413 1273 520 1338 Paule
546 1270 709 1339 Ourieche
734 1272 889 1357 loquente
910 1295 970 1359 pre
994 1296 1029 1340 se
1054 1282 1087 1341 et
1110 1278 1261 1360 patribus
1286 1279 1363 1360 suis„
1380 1284 1523 1344 eteorum

414 1389 554 1466 cognato
581 1380 711 1448 Gemite
734 1379 894 1466 Nelipcie,
905 1389 938 1448 et
957 1382 998 1449 de
1014 1381 1143 1450 Gemite
1160 1384 1267 1453 Paulo
1282 1386 1436 1471 loquente
1451 1407 1525 1452 asse
1600 1451 1603 1462 ,

413 1494 504 1554 rente
529 1510 589 1573 pre
615 1509 650 1554 se
676 1495 709 1555 et
734 1510 792 1557 suo
817 1488 923 1556 fratre
948 1487 1076 1556 Gemite
1102 1491 1275 1577 Gregorio,
1291 1498 1325 1559 et
1341 1495 1409 1560 eius
1425 1497 1526 1576 nepote

368 1595 372 1616 '
414 1597 543 1663 Gemite
571 1595 751 1677 Maledine,
783 1603 816 1663 et
848 1599 888 1664 de
919 1606 1039 1680 castre,
1054 1592 1143 1683 qued
1160 1600 1267 1667 dietus
1284 1600 1403 1667 Comes
1418 1601 1525 1668 Paulus

413 1703 510 1770 effert
534 1703 698 1786 Dominio,
723 1713 756 1771 et
780 1705 820 1770 de
845 1704 972 1773 duobus
988 1706 1062 1772 aliis
1079 1709 1205 1792 eastris,
1222 1731 1284 1793 que
1300 1710 1407 1776 dietus
1422 1709 1525 1775 Comes

414 1811 594 1893 Gregorius
604 1810 701 1878 offert
715 1810 949 1894 Deminutieni,
964 1820 1002 1880 ut
1017 1813 1133 1882 Comes
1144 1814 1240 1883 None
1257 1816 1390 1896 seribit;
1406 1822 1438 1882 et
1452 1811 1526 1900 qnod
1601 1845 1602 1848 ¹

415 1919 589 1984 existentes
615 1940 726 1986 omues
752 1921 856 2002 simul,
874 1927 907 1988 et
922 1921 1081 1988 habentes
1096 1924 1230 2006 podium
1245 1928 1278 1988 et
1303 1923 1458 1990 auxilium
1470 1922 1525 1988 De·
1601 1921 1603 1924 ’

416 2026 614 2110 minationis,
630 2028 802 2095 crederent
817 2049 888 2095 esse
904 2030 1008 2096 securi
1020 2031 1063 2095 ad
1078 2030 1275 2097 obviandum
1289 2032 1459 2098 adveutum
1472 2030 1526 2095 Rc·
1600 2103 1603 2112 ,

415 2135 466 2217 gis
492 2132 659 2218 Vngorie3
676 2140 709 2201 et
733 2135 864 2220 quande
888 2135 962 2202 Rex
980 2137 1112 2218 reniret,
1127 2143 1285 2222 ponerent
1300 2144 1478 2204 centratem
1491 2131 1528 2200 ad

413 2240 482 2306 tale
507 2248 673 2325 punctum,
698 2243 786 2328 quod
806 2265 872 2310 non
887 2245 993 2327 pessit
1007 2245 1041 2310 in
1067 2265 1107 2312 ea
1139 2245 1270 2328 morari,
1286 2247 1395 2312 necin
1411 2241 1527 2312 Solate

415 2349 470 2414 nia
497 2354 630 2434 prepter
646 2351 922 2436 victualiumque
938 2373 1002 2417 nen
1019 2359 1113 2436 esset,
1127 2373 1201 2438 ymo
1216 2359 1352 2438 propter
1368 2351 1529 2419 fertilicies

416 2462 449 2522 et
473 2479 600 2541 passus,
624 2479 707 2544 ques
728 2456 859 2542 hubent,
876 2458 996 2525 darent
1011 2459 1041 2524 ei
1059 2459 1099 2524 de
1114 2459 1237 2526 talibus
1253 2460 1438 2542 incursatis,
1453 2455 1529 2542 qued

415 2571 502 2629 esset
524 2564 608 2632 liber
637 2567 757 2649 redi1·e;
789 2573 824 2632 et
847 2566 1016 2634 intellecta
1046 2568 1257 2652 responsione
1282 2568 1330 2633 eis
1354 2569 1528 2653 peripsum
1601 2559 1603 2632 ζ

416 2668 577 2738 Comitem
601 2672 687 2740 Arbi
711 2675 801 2741 fecta
825 2681 858 2740 et
882 2681 999 2757 cetera,
1023 2682 1160 2760 prepter
1186 2676 1273 2760 qued
1297 2677 1433 2757 videtur,
1451 2671 1527 2760 qued

416 2779 496 2846 dicti
522 2780 664 2847 Comites
690 2782 829 2848 libenter
855 2783 976 2850 vellent
1001 2804 1073 2848 esse
1101 2806 1199 2850 unum
1215 2806 1288 2850 eum
1305 2785 1371 2850 iste
1387 2780 1529 2849 Dominio
1601 2787 1603 2816 “

415 2888 458 2954 ad
482 2889 678 2956 turbandum
702 2891 825 2956 dietum
849 2890 1031 2974 adventum,
1047 2899 1240 2972 asserentes
1257 2892 1326 2958 sere
1343 2913 1452 2957 eorum
1467 2909 1530 2956 een·
1602 2947 1603 2950 ,

416 2999 648 3080 sufflationem
664 3004 697 3064 et
716 3021 814 3083 super·
830 2998 910 3082 ipsis
926 2997 1042 3066 habita
1056 2998 1155 3082 plena
1170 2999 1416 3080 deliberatione,
1432 3017 1530 3063 consu·
1601 2993 1603 2999 ’

415 3104 496 3184 lunt,
521 3106 609 3190 qued
633 3128 693 3189 pre
718 3105 953 3172 Dominatiene
978 3107 1141 3173 scribetur
1166 3107 1296 3190 prelato
1312 3107 1433 3174 Comiti
1447 3103 1531 3182 Arbi,
1602 3171 1603 3200 ἶ

416 3214 580 3280 narrando
606 3221 735 3297 partem
761 3215 801 3280 de
825 3218 938 3281 tenere
954 3236 1085 3282 suarum
1093 3215 1334 3294 litterarum‚et
1349 3232 1532 3281 recommen-

417 3319 526 3385 daudo
541 3321 648 3404 ipsum
659 3321 699 3387 de
714 3320 942 3404 sollieitudine,
958 3342 1057 3406 quam
1073 3323 1189 3389 babuit
1201 3323 1237 3388 in
1254 3344 1301 3395 eo.
1316 3323 1405 3408 qued
1422 3319 1532 3390 scribit.
1601 3317 1603 3388 f

417 3425 464 3490 Et
488 3427 565 3508 quia
590 3427 672 3494 seire
696 3430 737 3495 de
762 3429 944 3495 intentione
976 3429 1136 3496 dictorum
1161 3429 1326 3498 Comitum
1352 3452 1415 3496 nen
1439 3433 1533 3497 neceb
1602 3471 1603 3488 1

416 3532 591 3599 mandetur
616 3537 654 3616 ei,
679 3536 769 3621 qued
792 3558 864 3603 eum
890 3536 1046 3621 pulcrieri
1072 3547 1106 3603 et
1130 3539 1308 3604 honestiori
1324 3538 1419 3605 mode
1435 3542 1465 3601 et
1480 3535 1533 3612 vis,
1602 3535 1603 3540 ’

415 3661 477 3723 que
503 3641 564 3707 sibi
580 3642 776 3710 videbuntur
792 3644 964 3710 convenire
979 3667 1039 3727 pro
1056 3644 1178 3710 honore
1195 3643 1319 3710 Nestre
1335 3643 1534 3728 Magnificen-

391 3755 393 3758 ’
418 3747 467 3813 oie
494 3749 678 3832 ostendens,
702 3753 789 3836 qued
814 3774 834 3817 a
859 3753 1031 3836 semetipse
1047 3752 1151 3817 selum
1169 3753 1276 3818 veniat
1291 3752 1434 3835 inquirat
1448 3754 1534 3816 caute
1602 3737 1603 3800 Ϊ

415 3861 447 3919 et
471 3857 583 3921 trahat
608 3880 734 3925 emnem
752 3859 934 3926 claritatem
949 3867 1017 3926 tam
1033 3883 1052 3925 a
1069 3860 1164 3926 dietis
1181 3855 1375 3942 Oemitibus,
1390 3879 1485 3944 quem
1500 3856 1535 3922 ab

416 3964 500 4046 aliis,
525 3971 558 4030 et
583 3989 603 4031 a
628 3968 772 4051 quolibet
796 3989 855 4052 per
879 3990 913 4034 se
938 3990 997 4052 per
1020 3967 1152 4033 mudum
1177 3967 1399 4034 raeieeinundi
1423 3974 1487 4033 tam
1502 3962 1536 4028 de
1602 3963 1603 4022 Ϊ

417 4073 559 4141 adventu
580 4075 703 4142 domini
719 4075 834 4161 Regis,
860 4097 958 4160 quam
984 4075 1024 4142 de
1049 4076 1232 4142 intencione
1251 4076 1404 4160 ipserum,
1420 4083 1535 4158 etque
1602 4075 1603 4082 ³

415 4183 511 4249 mede
539 4184 689 4250 videntur
708 4184 892 4250 contentari
908 4183 949 4248 de
966 4204 1013 4267 ee,
1029 4191 1061 4248 et
1078 4184 1219 4266 qualiter
1236 4205 1271 4249 se
1287 4184 1445 4250 haberent
1460 4183 1537 4248 eirea

417 4291 487 4358 eius
511 4291 704 4372 adventum3
721 4312 817 4375 super
842 4289 962 4373 quibus
987 4291 1082 4358 nobis
1102 4313 1161 4374 per
1181 4312 1258 4357 suas
1272 4290 1402 4357 litteras
1417 4291 1497 4358 bene
1511 4291 1537 4352 et

417 4398 568 4466 ordinate
584 4399 718 4480 scribat,
735 4406 768 4465 et
784 4398 933 4466 similiter
949 4419 1043 4465 suum
1060 4399 1240 4466 consilium.

524 4506 686 4591 Captu3
710 4506 798 4592 Quia
813 4529 872 4592 per
888 4504 1086 4591 Nicolinum,
1098 4508 1190 4574 euius
1201 4507 1363 4573 aduentus
1373 4514 1424 4573 est
1434 4501 1537 4573 breuis
