3174 5236
560 604 678 706 'su

73 777 229 868 derolp
244 781 374 845 sicilici
389 784 568 869 kirclynak
585 787 740 850 reodelete
756 785 859 850 Treui
877 792 1190 876 adrosis-neppdboz,

105 891 181 974 kopp
195 912 234 954 az
251 901 295 953 ott
312 890 537 956 lcturtdztatott
552 916 690 979 mappae
706 895 814 958 trtczolc
831 895 1013 980 bazatjukbe
1030 898 1150 962 viceca-

431 1000 708 1065 doesdttossauok.
726 1004 790 1066 127
792 1005 822 1062 9.

169 1173 333 1259 Scriptum
350 1181 402 1241 est
418 1173 608 1247 Castellauo
625 1175 734 1243 (rasni
752 1179 855 1244 'l'rani
873 1186 932 1243 cto.

168 1281 250 1348 (lum
267 1284 463 1367 beneplaciti
478 1287 581 1350 nostri
599 1287 651 1369 sit,
668 1285 755 1368 quod
771 1285 929 1351 Nicolaus
946 1286 1033 1354 filius
1050 1287 1188 1354 Comitis

70 1386 216 1474 Falcasij‚
240 1397 273 1456 et
289 1389 477 1476 Stephanus
497 1393 583 1458 filius
601 1391 762 1478 Stephani
781 1393 875 1475 Beni,
902 1398 958 1478 qui
975 1396 1187 1462 demandato

70 1503 175 1560 nostro
198 1519 257 1580 per
280 1505 313 1564 te
330 1500 362 1563 in
380 1505 489 1564 castro
505 1506 616 1565 nostro
633 1500 736 1566 Treui
753 1502 980 1567 custodiuntur
996 1509 1032 1567 ut
1048 1503 1187 1583 obsides,

70 1603 238 1669 liberentur
255 1604 295 1670 de
312 1628 450 1686 carcere,
467 1612 500 1670 et
516 1607 558 1672 ad
573 1607 708 1691 propria
723 1615 948 1675 reuertuntur:
966 1608 1118 1674 fidelitati
1132 1617 1185 1674 tue

70 1713 267 1794 precipiendo
287 1713 491 1795 mandamus,
517 1720 680 1796 quatenus
696 1713 859 1798 predictos
876 1717 1006 1783 obsides
1022 1717 1064 1782 ad
1080 1719 1187 1803 requi·

70 1819 207 1885 sitionem
233 1822 431 1887 venerabilis
457 1824 560 1907 patris
580 1822 614 1887 J.
631 1822 855 1905 Dragunensis
871 1825 1036 1908 Episcopi,
1074 1824 1185 1891 dilecti

72 1923 259 2012 Consiliarij,
276 1928 449 1994 familiaris
466 1936 500 1994 et
515 1928 620 1994 fidelis
637 1931 749 2012 nostri,
766 1951 824 2013 per
835 1949 933 2012 quem
947 1952 1002 1996 eos
1019 1931 1185 2014 adportes

70 2054 173 2098 eorum
189 2035 398 2116 remittemus,
422 2037 550 2116 tiberne,
567 2044 600 2101 et
616 2037 707 2102 abire
724 2036 825 2101 libere
842 2038 911 2102 siue
928 2037 1113 2104 conditione
1129 2039 1186 2103 ali·

70 2161 128 2222 qua
153 2144 297 2224 patiaris.
343 2143 467 2208 Datum
484 2145 596 2210 Meltie
621 2163 731 2207 mense
748 2141 949 2226 Septembris
966 2142 1086 2212 XXV.
1103 2143 1184 2210 eius·

9 2245 14 2258 '
48 2245 135 2312 'dem
151 2247 231 2316 Vll.
247 2250 444 2315 indictionis.

168 2429 202 2489 (Α
223 2431 362 2495 ›Registri
382 2431 533 2496 Augioinis
554 2431 585 2480 Β.
605 2433 646 2482 26.
665 2446 701 2480 sz.
722 2430 790 2495 Reg.
811 2430 907 2480 Kuroli
928 2431 950 2480 1.
969 2429 1111 2482 kdtetdbdl
1124 2433 1185 2484 241.

71 2513 117 2563 lev.
129 2513 157 2568 es
170 2520 212 2571 37,
226 2521 275 2569 kdt
290 2524 304 2567 3
319 2521 390 2582 lev.;
409 2534 435 2570 u.
450 2523 486 2581 ο.)

545 2697 699 2706 nna—...maun

598 2933 648 2998 76.

73 3084 96 3152 l.
112 3089 231 3181 Kd-rolp
255 3091 382 3159 sicilici
401 3095 583 3182 kirdlynok
600 3093 765 3172 reudeletc,
789 3091 871 3179 kopp
886 3118 908 3157 a
924 3094 994 3178 νηός
1012 3091 1184 3158 Trepidari

128 3203 313 3267 romdzkodo'
328 3226 470 3290 mappae
485 3204 594 3268 tdszolc
610 3201 742 3288 lelldlep
756 3202 887 3266 minden
904 3199 1117 3286 sztlkre'plettel

439 3310 686 3376 clldttassenak.
712 3311 807 3374 1279.

164 3500 329 3588 Scriptum
352 3511 404 3571 est
427 3503 618 3572 Oastelluuo
640 3504 743 3571 castri
759 3497 863 3568 'Proui
879 3507 940 3567 etc,

165 3609 249 3676 Cum
263 3611 527 3692 intellexerimus,
552 3611 639 3693 quod
655 3611 748 3695 pueri
764 3607 813 3674 illi
830 3607 958 3690 Vngari
974 3603 1113 3689 obsides,
1139 3606 1184 3673 vi-

69 3713 175 3785 delicet
185 3719 372 3805 Stephanus
388 3721 599 3805 etNicolaus,
615 3741 695 3803 quos
710 3719 745 3782 iu
760 3722 868 3784 castro
884 3717 954 3800 ipso
971 3716 1012 3781 de
1029 3715 1183 3780 mandato

68 3833 167 3893 nostro
183 3831 337 3917 custodis,
354 3833 498 3913 grauiter
513 3829 727 3908 infirmentur,
745 3833 778 3892 et
793 3846 858 3891 uon
874 3825 1017 3904 velimus,
1037 3823 1124 3907 quod
1140 3821 1182 3887 ob

69 3931 216 4003 defectum
242 3939 385 4024 aliquem
410 3959 634 4024 expensarum,
665 3955 760 4019 quern
785 3934 873 4019 ipsos
899 3933 968 4018 pati
1001 3931 1184 4010 didicimus

68 4043 232 4120 pesculum
257 4023 382 4128 sliquirl
398 4046 439 4111 oe
455 4044 624 4113 obssessus
641 4042 721 4125 ipsis
737 4041 846 4108 valeat
861 4039 1005 4119 suenus,
1030 4032 1183 4103 fluentas

69 4150 117 4211 tue
131 4149 265 4218 firmiter
280 4159 314 4218 et
330 4153 478 4220 districte
495 4149 705 4237 precipiendo
721 4149 926 4230 mandamus,
952 4152 1111 4228 quatenus
1128 4165 1181 4211 ex-

68 4273 174 4334 pensas
189 4281 301 4326 omnes
318 4263 529 4342 necessarias,
554 4266 622 4324 tam
639 4257 673 4322 in
689 4256 825 4321 medicis
838 4262 872 4321 et
888 4251 1066 4336 medicinis,
1084 4273 1183 4335 quam

69 4361 136 4446 alijs
151 4387 208 4449 pro
225 4367 311 4434 victu
328 4371 527 4454 puerisipsis
539 4374 694 4434 eteorum
704 4364 887 4430 nutricibus
898 4370 932 4429 et
942 4361 1075 4445 familijs
1086 4382 1180 4444 opor·

68 4471 151 4552 tuuis,
167 4475 206 4540 de
223 4483 280 4542 tuo
296 4481 428 4564 proprio
445 4478 552 4544 faeere
570 4475 713 4556 studeas,
729 4479 763 4537 et
779 4472 879 4538 etism
895 4471 1087 4536 ministrari.
1111 4467 1184 4536 Nos
