3174 5236
595 351 687 412 raas.
900 441 906 446 ι
1161 351 1202 414 oe

93 526 205 590 Idcirco
220 527 253 589 in
269 523 443 590 deuotione
463 527 575 591 dehita
600 547 801 610 permanere,
818 533 851 592 et
877 549 948 591 oum
975 535 1126 610 prompta
1157 551 1196 594 ac

93 632 170 697 fideli
184 633 426 698 continuatione
453 634 596 699 seruitiis
622 635 757 698 seruitia
783 635 998 715 accumulare,
1017 635 1200 718 Vestreque

93 737 273 807 Sanctitatis
289 741 455 806 mandatis
471 747 504 806 et
519 744 693 824 preceptis,
709 764 774 808 non
793 742 960 826 parcendo
987 742 1142 826 periculis
1168 749 1201 806 et

92 847 235 930 expensis,
249 869 308 930 per
323 849 432 912 omnia
449 850 580 931 cupiens
602 848 743 930 obedire,
769 849 977 914 considerans
997 849 1119 916 Vestra
1133 850 1201 914 Do-

92 953 262 1019 minationis
287 961 403 1020 contra
428 955 571 1022 Venetos
598 956 683 1022 latas
714 957 901 1037 sententias,
926 980 965 1022 ac
995 979 1105 1022 eorum
1132 957 1200 1022 visa

92 1063 247 1144 proteruia
262 1066 296 1126 et
327 1061 460 1134 duritia,
491 1068 523 1126 et
539 1063 692 1128 honorem
709 1069 742 1126 et
759 1062 901 1144 gloriam
932 1060 1052 1128 Sancte
1077 1062 1200 1129 Matris

92 1169 223 1233 Ecclesia
238 1169 271 1232 in
288 1168 430 1234 medium
455 1168 706 1235 dadratinorum
732 1175 918 1235 nostrorum
944 1170 1136 1236 deuotorum
1165 1174 1199 1233 et

91 1274 228 1354 fidelium,
244 1277 301 1358 qui
316 1274 436 1342 Vestre
452 1275 646 1342 Sanctitatis
663 1277 795 1360 speciali
812 1277 900 1342 ducti
916 1278 1042 1356 fiducia,
1059 1299 1079 1341 a
1096 1277 1201 1342 Vene-

22 1451 25 1458 ,
91 1390 184 1448 torum
196 1383 335 1450 violento
347 1383 488 1448 dominio
505 1383 691 1450 recedentes
708 1383 750 1448 ed
766 1383 955 1449 libertatem
971 1383 1114 1449 debitam
1131 1405 1202 1467 per-

90 1499 252 1571 uenerruit3
269 1491 445 1575 requisitus
462 1513 520 1574 per
536 1491 676 1570 eosdem,
685 1513 790 1555 meum
801 1491 1054 1574 primogenitum
1072 1491 1201 1556 Bonum

93 1594 282 1662 Maledinum
300 1597 428 1662 Bannm
444 1599 661 1664 Bosnenaium
676 1599 749 1663 misi
767 1595 1001 1682 eum'potentia
1026 1599 1069 1663 ad
1094 1598 1202 1663 defen-

91 1702 217 1769 dendum
233 1711 267 1769 et
282 1705 559 1770 manutenendum
575 1713 609 1769 et
625 1707 861 1789 protegendum
888 1705 1054 1788 predictos
1079 1706 1104 1772 J
1105 1705 1201 1771 adra-

90 1811 173 1892 linos,
187 1818 346 1893 tanquam
363 1810 545 1876 obedientie
570 1811 653 1876 filios
682 1819 715 1876 et
740 1813 885 1892 deuotos,
911 1819 1027 1877 contra
1052 1812 1199 1879 Venetos

91 1921 293 2002 supradictos.
311 1917 399 1985 Sane
415 1921 493 2004 quia
510 1921 587 1985 dicti
605 1919 724 1986 Veneti
755 1923 908 1986 continuo
943 1927 1056 1986 tenent
1088 1920 1201 2002 galeas

90 2033 223 2092 asinatas
253 2033 332 2091 ante
356 2024 498 2092 Jadram
523 2028 557 2090 in
586 2027 708 2094 insulas
734 2029 877 2111 ipsorum
903 2027 1116 2105 deuastand0,
1141 2047 1201 2090 nec

90 2133 214 2200 habeam
231 2134 274 2199 ad
292 2155 424 2217 presens
450 2136 561 2216 galeas
586 2136 628 2200 ad
655 2135 854 2200 obniandnm
880 2134 999 2200 eisdem
1026 2133 1199 2214 hostiliter,

90 2241 163 2305 sicut
177 2241 270 2307 decet
288 2243 467 2308 rebellibus
494 2243 649 2324 Ecclesia,
666 2241 842 2309 Sanctitati
859 2243 978 2309 Vestre
1004 2242 1135 2326 placeat
1159 2240 1199 2305 de

90 2345 277 2429 benignitate
293 2357 450 2415 consueta
466 2350 580 2415 taliter
596 2371 693 2434 super
710 2349 770 2414 heo
795 2349 979 2433 prouidere,
1006 2349 1091 2432 quod
1118 2347 1198 2412 dicti

90 2451 251 2537 Jadrotini,
264 2455 377 2520 fideles
393 2459 490 2522 vestri
507 2463 541 2522 et
556 2457 677 2538 deuoti,
692 2477 758 2522 non
777 2458 902 2540 possint
926 2456 1127 2521 necvaleant
1141 2475 1198 2538 per

0 2609 1 2664 3
91 2559 182 2626 dictos
208 2563 361 2646 Venetos,
378 2566 428 2630 vel
458 2586 517 2648 per
543 2565 670 2648 aliquos
695 2567 817 2631 amieos
852 2570 886 2628 et
910 2563 1056 2628 fautores
1087 2583 1198 2628 eorum

0 2671 1 2742 j
90 2689 172 2749 prece
188 2679 219 2735 et
235 2672 344 2755 precio
361 2673 507 2753 infectos,
523 2673 618 2738 modo
636 2673 745 2756 aliquo
762 2671 917 2756 agrauari
933 2672 985 2736 rel
1010 2670 1198 2753 aliqualiter

90 2777 255 2858 molestari,
271 2801 344 2844 cum
360 2779 460 2864 aliqui
489 2781 582 2846 obliti
608 2803 665 2845 sue
691 2780 806 2846 salutis
831 2779 961 2863 proprie
987 2783 1021 2842 et
1054 2779 1198 2844 mandati

90 2880 202 2950 Vicarii
216 2888 241 2953 J
243 2908 298 2952 esu
316 2884 450 2967 Ohristi,
466 2894 533 2952 tarn
550 2888 637 2970 apud
653 2886 843 2952 Ferrarium
860 2905 941 2950 ausu
964 2887 1138 2950 temerario
1164 2907 1197 2950 se

9 3083 17 3092 ι
88 3001 296 3074 opposuerunt
311 2999 382 3058 toto
399 3015 494 3076 posse
510 2994 691 3074 manifeste,
708 3016 806 3076 quam
822 2992 875 3058 hic
892 3012 1057 3075 opponere
1083 2999 1196 3057 contra

87 3119 136 3161 nos
158 3099 346 3179 videantur,
372 3101 428 3167 sed
454 3102 542 3185 quod
567 3103 662 3168 liberi
688 3109 720 3167 et
745 3101 852 3166 securi
877 3097 996 3182 prefati
1027 3097 1197 3165 Jadratini

88 3204 194 3270 Vestra
210 3205 407 3273 Sanctitasis
418 3209 582 3274 mediante
594 3210 726 3288 auxilio,
743 3209 890 3283 consilio,
907 3207 1110 3289 protectione
1127 3229 1197 3290 spe·

89 3313 152 3377 ciali
167 3321 199 3379 et
213 3315 326 3381 fauore
343 3319 454 3400 sieque
472 3324 696 3401 protegantur,
713 3316 801 3399 quod
816 3315 873 3380 alii
899 3313 1015 3378 exinde
1032 3313 1197 3396 speculum

88 3425 115 3483 et
130 3422 302 3505 ammplam
324 3423 475 3502 habeant,
486 3425 605 3490 similia
629 3427 699 3490 sine
727 3423 902 3489 esitatione
922 3419 1033 3502 aliqua
1052 3421 1196 3488 securius

88 3525 222 3609 faciendi,
238 3551 277 3595 ac
293 3529 412 3596 Vestre
433 3528 628 3599 Sanctitatis
643 3529 862 3614 beneplacitis
888 3533 922 3592 et
947 3527 1112 3594 mandatis
1137 3551 1197 3613 per

87 3637 182 3700 omnia
196 3659 267 3700 oum
284 3637 473 3703 obedientia
499 3639 612 3704 debita
637 3635 879 3722 complacenda,
903 3639 936 3699 et
961 3635 1049 3717 quod
1073 3633 1194 3702 Veneti

86 3741 228 3808 antedicti
245 3745 284 3810 de
301 3767 359 3810 sua
375 3746 542 3828 proteruia
558 3767 623 3811 non
639 3745 764 3830 possint
793 3743 934 3827 amplius
965 3741 1109 3824 gloriari,
1139 3743 1196 3808 aed

1 3859 2 3906 l
86 3867 184 3913 eorum
200 3873 284 3934 pena
299 3856 333 3916 et
348 3854 508 3918 correctio
524 3855 569 3920 sit
584 3861 689 3919 metus
706 3853 892 3933 multorum,
912 3855 946 3913 et
962 3847 1114 3930 deinceps
1131 3871 1196 3914 non

1 3965 3 4027 t
86 3961 213 4022 attentet
229 3959 348 4043 aliquis
363 3983 403 4026 ac
419 3969 588 4044 presumat
604 3963 740 4028 similius
765 3964 881 4025 contra
908 3955 1094 4021 Romanum
1111 3955 1199 4034 Pon.

1 4033 3 4160 l
83 4062 190 4130 tilicem
206 4073 239 4132 et
254 4067 435 4134 universale
446 4069 624 4134 dominium
634 4075 826 4153 perpetrare
839 4067 978 4138 Domino
990 4074 1196 4142 eoncedente.

1 4189 3 4208 ’
83 4166 194 4237 Datum
210 4171 376 4240 Scardona
393 4175 446 4240 die
462 4174 562 4242 XVI.
578 4178 682 4244 Junii.

178 4353 212 4414 (A
254 4354 519 4408 »commemoriali«
559 4358 651 4406 czimr'l
692 4358 832 4409 velenczei
855 4342 858 4351 ¹
880 4361 1150 4427 allamktnyvelrhdl.
1187 4365 1201 4414 1

82 4435 246 4505 kostel.)

555 4555 622 4562 .-——
637 4553 703 4562 -.-
