<?xml version="1.0" encoding="UTF-8"?>
<!DOCTYPE html PUBLIC "-//W3C//DTD XHTML 1.0 Transitional//EN"
    "http://www.w3.org/TR/xhtml1/DTD/xhtml1-transitional.dtd">
<html xmlns="http://www.w3.org/1999/xhtml" xml:lang="en" lang="en">
 <head>
  <title>
</title>
<meta http-equiv="Content-Type" content="text/html;charset=utf-8" />
  <meta name='ocr-system' content='tesseract 3.04.00' />
  <meta name='ocr-capabilities' content='ocr_page ocr_carea ocr_par ocr_line ocrx_word'/>
</head>
<body>
  <div class='ocr_page' id='page_1' title='image "./magyardiplomacz02wenzgoog_0126.png"; bbox 0 0 3174 5236; ppageno 0'>
   <div class='ocr_carea' id='block_1_1' title="bbox 391 352 1170 417">
    <p class='ocr_par' dir='ltr' id='par_1_1' title="bbox 391 352 1170 417">
     <span class='ocr_line' id='line_1_1' title="bbox 391 352 1170 417; baseline 0 -5"><span class='ocrx_word' id='word_1_1' title='bbox 391 352 433 416; x_wconf 83' lang='lat'>90</span> <span class='ocrx_word' id='word_1_2' title='bbox 740 371 973 417; x_wconf 76' lang='lat' dir='ltr'>nranouacarnr</span> <span class='ocrx_word' id='word_1_3' title='bbox 1002 361 1170 416; x_wconf 67' lang='lat' dir='ltr'>suranus.</span> 
     </span>
    </p>
   </div>
   <div class='ocr_carea' id='block_1_2' title="bbox 390 525 1557 1478">
    <p class='ocr_par' dir='ltr' id='par_1_2' title="bbox 390 525 1557 1241">
     <span class='ocr_line' id='line_1_2' title="bbox 391 525 1557 620; baseline -0.006 -26"><span class='ocrx_word' id='word_1_4' title='bbox 391 529 523 612; x_wconf 86' lang='lat' dir='ltr'>aliquod</span> <span class='ocrx_word' id='word_1_5' title='bbox 540 550 599 612; x_wconf 91' lang='lat' dir='ltr'>pro</span> <span class='ocrx_word' id='word_1_6' title='bbox 616 531 793 594; x_wconf 76' lang='lat' dir='ltr'>venerabili</span> <span class='ocrx_word' id='word_1_7' title='bbox 808 533 842 594; x_wconf 92' lang='lat' dir='ltr'>in</span> <span class='ocrx_word' id='word_1_8' title='bbox 861 529 994 596; x_wconf 83' lang='lat' dir='ltr'>Christo</span> <span class='ocrx_word' id='word_1_9' title='bbox 1024 537 1119 611; x_wconf 85' lang='lat' dir='ltr'>patre</span> <span class='ocrx_word' id='word_1_10' title='bbox 1137 529 1265 594; x_wconf 88' lang='lat' dir='ltr'>domino</span> <span class='ocrx_word' id='word_1_11' title='bbox 1283 529 1307 594; x_wconf 84' lang='lat' dir='ltr'>J</span> <span class='ocrx_word' id='word_1_12' title='bbox 1312 575 1318 589; x_wconf 89' lang='lat'>.</span> <span class='ocrx_word' id='word_1_13' title='bbox 1329 525 1498 592; x_wconf 81' lang='lat' dir='ltr'>Rauellerni</span> <span class='ocrx_word' id='word_1_14' title='bbox 1550 603 1557 620; x_wconf 43' lang='lat'><strong>·</strong></span> 
     </span>
     <span class='ocr_line' id='line_1_3' title="bbox 393 632 1498 720; baseline -0.005 -19"><span class='ocrx_word' id='word_1_15' title='bbox 393 636 569 719; x_wconf 79' lang='lat' dir='ltr'>Episcopo,</span> <span class='ocrx_word' id='word_1_16' title='bbox 586 636 749 704; x_wconf 89' lang='lat' dir='ltr'>nobilibus</span> <span class='ocrx_word' id='word_1_17' title='bbox 759 638 835 702; x_wconf 85' lang='lat' dir='ltr'>viris</span> <span class='ocrx_word' id='word_1_18' title='bbox 846 638 949 702; x_wconf 79' lang='lat' dir='ltr'>fratre</span> <span class='ocrx_word' id='word_1_19' title='bbox 965 637 1105 720; x_wconf 86' lang='lat' dir='ltr'>Hugone</span> <span class='ocrx_word' id='word_1_20' title='bbox 1122 638 1161 701; x_wconf 91' lang='lat' dir='ltr'>de</span> <span class='ocrx_word' id='word_1_21' title='bbox 1179 635 1294 702; x_wconf 80' lang='lat' dir='ltr'>Monte</span> <span class='ocrx_word' id='word_1_22' title='bbox 1310 633 1454 706; x_wconf 86' lang='lat' dir='ltr'>Rotundo</span> <span class='ocrx_word' id='word_1_23' title='bbox 1467 632 1498 696; x_wconf 88' lang='lat' dir='ltr'>de</span> 
     </span>
     <span class='ocr_line' id='line_1_4' title="bbox 390 739 1500 828; baseline -0.005 -20"><span class='ocrx_word' id='word_1_24' title='bbox 390 739 515 809; x_wconf 89' lang='lat' dir='ltr'>Ordine</span> <span class='ocrx_word' id='word_1_25' title='bbox 533 743 647 808; x_wconf 75' lang='lat' dir='ltr'>Militis</span> <span class='ocrx_word' id='word_1_26' title='bbox 663 741 802 828; x_wconf 76' lang='lat' dir='ltr'>Templi,</span> <span class='ocrx_word' id='word_1_27' title='bbox 818 745 948 810; x_wconf 89' lang='lat' dir='ltr'>domino</span> <span class='ocrx_word' id='word_1_28' title='bbox 974 742 1181 828; x_wconf 84' lang='lat' dir='ltr'>Huguioione</span> <span class='ocrx_word' id='word_1_29' title='bbox 1207 745 1247 808; x_wconf 91' lang='lat' dir='ltr'>de</span> <span class='ocrx_word' id='word_1_30' title='bbox 1263 742 1405 826; x_wconf 84' lang='lat' dir='ltr'>Neapoli</span> <span class='ocrx_word' id='word_1_31' title='bbox 1421 739 1500 806; x_wconf 82' lang='lat' dir='ltr'>duris</span> 
     </span>
     <span class='ocr_line' id='line_1_5' title="bbox 391 847 1503 928; baseline -0.005 -12"><span class='ocrx_word' id='word_1_32' title='bbox 391 849 508 916; x_wconf 86' lang='lat' dir='ltr'>Oiuilis</span> <span class='ocrx_word' id='word_1_33' title='bbox 523 850 713 918; x_wconf 83' lang='lat' dir='ltr'>Professorc</span> <span class='ocrx_word' id='word_1_34' title='bbox 730 851 937 928; x_wconf 77' lang='lat' dir='ltr'>Consiliario,</span> <span class='ocrx_word' id='word_1_35' title='bbox 955 860 988 918; x_wconf 89' lang='lat' dir='ltr'>et</span> <span class='ocrx_word' id='word_1_36' title='bbox 1005 851 1153 919; x_wconf 84' lang='lat' dir='ltr'>Guarino</span> <span class='ocrx_word' id='word_1_37' title='bbox 1170 851 1210 916; x_wconf 90' lang='lat' dir='ltr'>de</span> <span class='ocrx_word' id='word_1_38' title='bbox 1226 851 1335 916; x_wconf 90' lang='lat' dir='ltr'>Bosco</span> <span class='ocrx_word' id='word_1_39' title='bbox 1351 847 1503 915; x_wconf 80' lang='lat' dir='ltr'>fanniinri·</span> 
     </span>
     <span class='ocr_line' id='line_1_6' title="bbox 391 957 1504 1044; baseline -0.004 -22"><span class='ocrx_word' id='word_1_40' title='bbox 391 957 451 1024; x_wconf 90' lang='lat' dir='ltr'>bus</span> <span class='ocrx_word' id='word_1_41' title='bbox 468 957 608 1043; x_wconf 86' lang='lat' dir='ltr'>Nuncijs</span> <span class='ocrx_word' id='word_1_42' title='bbox 624 960 690 1024; x_wconf 82' lang='lat' dir='ltr'>suis</span> <span class='ocrx_word' id='word_1_43' title='bbox 706 981 765 1043; x_wconf 90' lang='lat' dir='ltr'>pro</span> <span class='ocrx_word' id='word_1_44' title='bbox 782 961 977 1043; x_wconf 90' lang='lat' dir='ltr'>quibusdam</span> <span class='ocrx_word' id='word_1_45' title='bbox 1003 961 1115 1026; x_wconf 84' lang='lat' dir='ltr'>arduis</span> <span class='ocrx_word' id='word_1_46' title='bbox 1141 966 1175 1026; x_wconf 86' lang='lat' dir='ltr'>et</span> <span class='ocrx_word' id='word_1_47' title='bbox 1199 961 1362 1044; x_wconf 84' lang='lat' dir='ltr'>expressis</span> <span class='ocrx_word' id='word_1_48' title='bbox 1378 957 1504 1040; x_wconf 81' lang='lat' dir='ltr'>negotijs</span> 
     </span>
     <span class='ocr_line' id='line_1_7' title="bbox 391 1061 1504 1152; baseline -0.004 -20"><span class='ocrx_word' id='word_1_49' title='bbox 391 1066 435 1132; x_wconf 83' lang='lat' dir='ltr'>ad</span> <span class='ocrx_word' id='word_1_50' title='bbox 450 1073 561 1150; x_wconf 83' lang='lat' dir='ltr'>partes</span> <span class='ocrx_word' id='word_1_51' title='bbox 577 1065 725 1150; x_wconf 87' lang='lat' dir='ltr'>Vngarie</span> <span class='ocrx_word' id='word_1_52' title='bbox 744 1067 922 1134; x_wconf 84' lang='lat' dir='ltr'>destinatis.</span> <span class='ocrx_word' id='word_1_53' title='bbox 939 1068 1064 1135; x_wconf 85' lang='lat' dir='ltr'>Datum</span> <span class='ocrx_word' id='word_1_54' title='bbox 1092 1067 1234 1152; x_wconf 87' lang='lat' dir='ltr'>Neapoli</span> <span class='ocrx_word' id='word_1_55' title='bbox 1251 1067 1301 1133; x_wconf 88' lang='lat' dir='ltr'>die</span> <span class='ocrx_word' id='word_1_56' title='bbox 1319 1065 1404 1131; x_wconf 88' lang='lat' dir='ltr'>XX.</span> <span class='ocrx_word' id='word_1_57' title='bbox 1419 1061 1504 1148; x_wconf 82' lang='lat' dir='ltr'>Apri·</span> 
     </span>
     <span class='ocr_line' id='line_1_8' title="bbox 392 1172 706 1241; baseline 0.003 -3"><span class='ocrx_word' id='word_1_58' title='bbox 392 1172 433 1239; x_wconf 87' lang='lat' dir='ltr'>lis</span> <span class='ocrx_word' id='word_1_59' title='bbox 451 1172 492 1239; x_wconf 87' lang='lat' dir='ltr'>V.</span> <span class='ocrx_word' id='word_1_60' title='bbox 508 1173 706 1241; x_wconf 87' lang='lat' dir='ltr'>indictionis.</span> 
     </span>
    </p>

    <p class='ocr_par' dir='ltr' id='par_1_3' title="bbox 395 1316 1505 1478">
     <span class='ocr_line' id='line_1_9' title="bbox 498 1316 1505 1387; baseline -0.005 -18"><span class='ocrx_word' id='word_1_61' title='bbox 498 1319 536 1378; x_wconf 79' lang='grc' dir='ltr'>(Δ</span> <span class='ocrx_word' id='word_1_62' title='bbox 550 1321 688 1384; x_wconf 79' lang='lat' dir='ltr'>»Bogistri</span> <span class='ocrx_word' id='word_1_63' title='bbox 701 1321 852 1387; x_wconf 82' lang='lat' dir='ltr'>Angioini«</span> <span class='ocrx_word' id='word_1_64' title='bbox 869 1324 900 1373; x_wconf 86' lang='lat' dir='ltr'>B.</span> <span class='ocrx_word' id='word_1_65' title='bbox 915 1327 956 1371; x_wconf 74' lang='lat'>9¹2.</span> <span class='ocrx_word' id='word_1_66' title='bbox 971 1339 1008 1373; x_wconf 83' lang='lat' dir='ltr'>nz.</span> <span class='ocrx_word' id='word_1_67' title='bbox 1025 1324 1200 1386; x_wconf 74' lang='lat' dir='ltr'>»Registrum</span> <span class='ocrx_word' id='word_1_68' title='bbox 1219 1321 1397 1384; x_wconf 81' lang='lat' dir='ltr'>Principotus</span> <span class='ocrx_word' id='word_1_69' title='bbox 1409 1316 1505 1366; x_wconf 81' lang='lat' dir='ltr'>Salerni</span> 
     </span>
     <span class='ocr_line' id='line_1_10' title="bbox 395 1408 1428 1478; baseline -0.002 -16"><span class='ocrx_word' id='word_1_70' title='bbox 395 1412 424 1464; x_wconf 82' lang='lat' dir='ltr'>ct</span> <span class='ocrx_word' id='word_1_71' title='bbox 436 1408 557 1462; x_wconf 82' lang='lat' dir='ltr'>Honoris</span> <span class='ocrx_word' id='word_1_72' title='bbox 571 1409 678 1463; x_wconf 81' lang='lat' dir='ltr'>Montis</span> <span class='ocrx_word' id='word_1_73' title='bbox 692 1410 788 1462; x_wconf 79' lang='lat' dir='ltr'>Sancti</span> <span class='ocrx_word' id='word_1_74' title='bbox 801 1411 919 1478; x_wconf 70' lang='lat' dir='ltr'>Augen«</span> <span class='ocrx_word' id='word_1_75' title='bbox 935 1413 1026 1464; x_wconf 84' lang='lat' dir='ltr'>ozimii</span> <span class='ocrx_word' id='word_1_76' title='bbox 1040 1411 1185 1462; x_wconf 72' lang='lat' dir='ltr'>kotetebdl</span> <span class='ocrx_word' id='word_1_77' title='bbox 1199 1415 1241 1460; x_wconf 82' lang='lat'>34.</span> <span class='ocrx_word' id='word_1_78' title='bbox 1256 1411 1309 1460; x_wconf 84' lang='lat' dir='ltr'>lev.</span> <span class='ocrx_word' id='word_1_79' title='bbox 1321 1426 1328 1474; x_wconf 91' lang='lat'>·,</span> <span class='ocrx_word' id='word_1_80' title='bbox 1349 1425 1374 1458; x_wconf 89' lang='lat' dir='ltr'>u.</span> <span class='ocrx_word' id='word_1_81' title='bbox 1395 1409 1428 1468; x_wconf 87' lang='lat'>0.)</span> 
     </span>
    </p>
   </div>
   <div class='ocr_carea' id='block_1_3' title="bbox 924 1755 996 1816">
    <p class='ocr_par' dir='ltr' id='par_1_4' title="bbox 924 1755 996 1816">
     <span class='ocr_line' id='line_1_11' title="bbox 924 1755 996 1816; baseline -0.014 -1"><span class='ocrx_word' id='word_1_82' title='bbox 924 1755 996 1816; x_wconf 80' lang='lat'>107.</span> 
     </span>
    </p>
   </div>
   <div class='ocr_carea' id='block_1_4' title="bbox 392 1911 1504 2087">
    <p class='ocr_par' dir='ltr' id='par_1_5' title="bbox 392 1911 1504 2087">
     <span class='ocr_line' id='line_1_12' title="bbox 392 1911 1504 2000; baseline -0.004 -24"><span class='ocrx_word' id='word_1_83' title='bbox 392 1913 526 1978; x_wconf 77' lang='lat' dir='ltr'>Martcll</span> <span class='ocrx_word' id='word_1_84' title='bbox 545 1916 667 1999; x_wconf 77' lang='lat' dir='ltr'>Kdrolp</span> <span class='ocrx_word' id='word_1_85' title='bbox 694 1915 962 1999; x_wconf 73' lang='lat' dir='ltr'>rrurppccrorsniqi</span> <span class='ocrx_word' id='word_1_86' title='bbox 991 1913 1083 1998; x_wconf 75' lang='lat' dir='ltr'>iippci</span> <span class='ocrx_word' id='word_1_87' title='bbox 1108 1913 1306 1978; x_wconf 64' lang='lat' dir='ltr'>renouarent</span> <span class='ocrx_word' id='word_1_88' title='bbox 1332 1915 1422 2000; x_wconf 81' lang='lat' dir='ltr'>pc&#39;nzt</span> <span class='ocrx_word' id='word_1_89' title='bbox 1451 1911 1504 1972; x_wconf 77' lang='lat' dir='ltr'>tat</span> 
     </span>
     <span class='ocr_line' id='line_1_13' title="bbox 846 2025 1070 2087; baseline -0.013 -1"><span class='ocrx_word' id='word_1_90' title='bbox 846 2031 954 2087; x_wconf 74' lang='lat' dir='ltr'>cedadz</span> <span class='ocrx_word' id='word_1_91' title='bbox 977 2025 1070 2086; x_wconf 76' lang='lat'>1292.</span> 
     </span>
    </p>
   </div>
   <div class='ocr_carea' id='block_1_5' title="bbox 393 2193 1506 2499">
    <p class='ocr_par' dir='ltr' id='par_1_6' title="bbox 393 2193 1506 2499">
     <span class='ocr_line' id='line_1_14' title="bbox 501 2193 1506 2284; baseline -0.007 -18"><span class='ocrx_word' id='word_1_92' title='bbox 501 2201 632 2266; x_wconf 83' lang='lat' dir='ltr'>Moenia</span> <span class='ocrx_word' id='word_1_93' title='bbox 647 2200 840 2284; x_wconf 87' lang='lat' dir='ltr'>Raynaldus</span> <span class='ocrx_word' id='word_1_94' title='bbox 856 2205 1019 2265; x_wconf 87' lang='lat' dir='ltr'>mercator</span> <span class='ocrx_word' id='word_1_95' title='bbox 1036 2199 1076 2264; x_wconf 89' lang='lat' dir='ltr'>de</span> <span class='ocrx_word' id='word_1_96' title='bbox 1092 2199 1263 2264; x_wconf 86' lang='lat' dir='ltr'>Florentia</span> <span class='ocrx_word' id='word_1_97' title='bbox 1279 2199 1440 2264; x_wconf 88' lang='lat' dir='ltr'>mutuanit</span> <span class='ocrx_word' id='word_1_98' title='bbox 1454 2193 1506 2260; x_wconf 79' lang='lat' dir='ltr'>Ga·</span> 
     </span>
     <span class='ocr_line' id='line_1_15' title="bbox 395 2307 1504 2390; baseline -0.004 -18"><span class='ocrx_word' id='word_1_99' title='bbox 395 2307 465 2373; x_wconf 89' lang='lat' dir='ltr'>rolo</span> <span class='ocrx_word' id='word_1_100' title='bbox 481 2308 637 2374; x_wconf 85' lang='lat' dir='ltr'>Martello</span> <span class='ocrx_word' id='word_1_101' title='bbox 654 2309 762 2373; x_wconf 79' lang='lat' dir='ltr'>uncias</span> <span class='ocrx_word' id='word_1_102' title='bbox 787 2308 860 2372; x_wconf 87' lang='lat' dir='ltr'>auri</span> <span class='ocrx_word' id='word_1_103' title='bbox 891 2307 1029 2390; x_wconf 86' lang='lat' dir='ltr'>triginta</span> <span class='ocrx_word' id='word_1_104' title='bbox 1059 2327 1118 2389; x_wconf 90' lang='lat' dir='ltr'>pro</span> <span class='ocrx_word' id='word_1_105' title='bbox 1151 2307 1300 2388; x_wconf 83' lang='lat' dir='ltr'>expensis</span> <span class='ocrx_word' id='word_1_106' title='bbox 1332 2307 1504 2372; x_wconf 84' lang='lat' dir='ltr'>nunciorum</span> 
     </span>
     <span class='ocr_line' id='line_1_16' title="bbox 393 2412 1429 2499; baseline 0.001 -21"><span class='ocrx_word' id='word_1_107' title='bbox 393 2415 494 2499; x_wconf 87' lang='lat' dir='ltr'>ipsius</span> <span class='ocrx_word' id='word_1_108' title='bbox 510 2415 683 2480; x_wconf 86' lang='lat' dir='ltr'>missorum</span> <span class='ocrx_word' id='word_1_109' title='bbox 701 2417 733 2481; x_wconf 90' lang='lat' dir='ltr'>in</span> <span class='ocrx_word' id='word_1_110' title='bbox 750 2415 941 2499; x_wconf 86' lang='lat' dir='ltr'>Vagariam.</span> <span class='ocrx_word' id='word_1_111' title='bbox 958 2413 1043 2480; x_wconf 92' lang='lat' dir='ltr'>XX.</span> <span class='ocrx_word' id='word_1_112' title='bbox 1061 2412 1171 2496; x_wconf 83' lang='lat' dir='ltr'>Apilis</span> <span class='ocrx_word' id='word_1_113' title='bbox 1188 2413 1230 2480; x_wconf 84' lang='lat' dir='ltr'>V.</span> <span class='ocrx_word' id='word_1_114' title='bbox 1245 2413 1429 2480; x_wconf 79' lang='lat' dir='ltr'>indictione.</span> 
     </span>
    </p>
   </div>
   <div class='ocr_carea' id='block_1_6' title="bbox 393 2541 1506 2735">
    <p class='ocr_par' dir='ltr' id='par_1_7' title="bbox 393 2541 1506 2735">
     <span class='ocr_line' id='line_1_17' title="bbox 501 2541 1504 2626; baseline -0.004 -20"><span class='ocrx_word' id='word_1_115' title='bbox 501 2541 685 2625; x_wconf 83' lang='lat' dir='ltr'>Episcopus</span> <span class='ocrx_word' id='word_1_116' title='bbox 703 2541 966 2626; x_wconf 81' lang='lat' dir='ltr'>Oapntaquensis</span> <span class='ocrx_word' id='word_1_117' title='bbox 982 2543 1145 2608; x_wconf 88' lang='lat' dir='ltr'>mutuauit</span> <span class='ocrx_word' id='word_1_118' title='bbox 1159 2543 1281 2609; x_wconf 83' lang='lat' dir='ltr'>Oarolo</span> <span class='ocrx_word' id='word_1_119' title='bbox 1292 2541 1445 2608; x_wconf 87' lang='lat' dir='ltr'>Martcllo</span> <span class='ocrx_word' id='word_1_120' title='bbox 1455 2561 1504 2622; x_wconf 88' lang='lat' dir='ltr'>pro</span> 
     </span>
     <span class='ocr_line' id='line_1_18' title="bbox 393 2645 1506 2735; baseline -0.001 -25"><span class='ocrx_word' id='word_1_121' title='bbox 393 2645 520 2711; x_wconf 87' lang='lat' dir='ltr'>nunciis</span> <span class='ocrx_word' id='word_1_122' title='bbox 552 2649 703 2714; x_wconf 89' lang='lat' dir='ltr'>euntibus</span> <span class='ocrx_word' id='word_1_123' title='bbox 728 2652 761 2715; x_wconf 92' lang='lat' dir='ltr'>in</span> <span class='ocrx_word' id='word_1_124' title='bbox 802 2651 984 2733; x_wconf 83' lang='lat' dir='ltr'>Vngan&#39;arn</span> <span class='ocrx_word' id='word_1_125' title='bbox 1016 2652 1126 2717; x_wconf 80' lang='lat' dir='ltr'>uncias</span> <span class='ocrx_word' id='word_1_126' title='bbox 1151 2653 1223 2717; x_wconf 90' lang='lat' dir='ltr'>auri</span> <span class='ocrx_word' id='word_1_127' title='bbox 1254 2651 1506 2735; x_wconf 71' lang='lat' dir='ltr'>vigintiquinque.</span> 
     </span>
    </p>
   </div>
   <div class='ocr_carea' id='block_1_7' title="bbox 396 2751 884 2838">
    <p class='ocr_par' dir='ltr' id='par_1_8' title="bbox 396 2751 884 2838">
     <span class='ocr_line' id='line_1_19' title="bbox 396 2751 884 2838; baseline -0.004 -14"><span class='ocrx_word' id='word_1_128' title='bbox 396 2751 482 2824; x_wconf 83' lang='lat' dir='ltr'>XX.</span> <span class='ocrx_word' id='word_1_129' title='bbox 498 2752 626 2838; x_wconf 84' lang='lat' dir='ltr'>Aprilis</span> <span class='ocrx_word' id='word_1_130' title='bbox 641 2753 682 2823; x_wconf 89' lang='lat' dir='ltr'>V.</span> <span class='ocrx_word' id='word_1_131' title='bbox 697 2755 884 2822; x_wconf 84' lang='lat' dir='ltr'>indictione.</span> 
     </span>
    </p>
   </div>
   <div class='ocr_carea' id='block_1_8' title="bbox 503 2933 1279 3006">
    <p class='ocr_par' dir='ltr' id='par_1_9' title="bbox 503 2933 1279 3006">
     <span class='ocr_line' id='line_1_20' title="bbox 503 2933 1279 3006; baseline 0.008 -24"><span class='ocrx_word' id='word_1_132' title='bbox 503 2933 540 2994; x_wconf 81' lang='lat' dir='ltr'>(A</span> <span class='ocrx_word' id='word_1_133' title='bbox 555 2934 641 3006; x_wconf 59' lang='lat' dir='ltr'>»nep</span> <span class='ocrx_word' id='word_1_134' title='bbox 655 2936 805 3000; x_wconf 77' lang='lat' dir='ltr'>Augioini«</span> <span class='ocrx_word' id='word_1_135' title='bbox 822 2940 863 2989; x_wconf 83' lang='grc'>56.</span> <span class='ocrx_word' id='word_1_136' title='bbox 878 2952 914 2987; x_wconf 87' lang='lat' dir='ltr'>sz.</span> <span class='ocrx_word' id='word_1_137' title='bbox 928 2937 1017 2991; x_wconf 73' lang='lat' dir='ltr'>luitet.</span> <span class='ocrx_word' id='word_1_138' title='bbox 1035 2943 1092 2988; x_wconf 87' lang='lat'>101.</span> <span class='ocrx_word' id='word_1_139' title='bbox 1107 2941 1177 3002; x_wconf 88' lang='lat' dir='ltr'>lev.;</span> <span class='ocrx_word' id='word_1_140' title='bbox 1197 2953 1224 2988; x_wconf 94' lang='lat' dir='ltr'>u.</span> <span class='ocrx_word' id='word_1_141' title='bbox 1242 2939 1279 3002; x_wconf 87' lang='lat' dir='ltr'>o.)</span> 
     </span>
    </p>
   </div>
   <div class='ocr_carea' id='block_1_9' title="bbox 923 3279 993 3339">
    <p class='ocr_par' dir='ltr' id='par_1_10' title="bbox 923 3279 993 3339">
     <span class='ocr_line' id='line_1_21' title="bbox 923 3279 993 3339; baseline 0.014 -3"><span class='ocrx_word' id='word_1_142' title='bbox 923 3279 993 3339; x_wconf 82' lang='lat'>108.</span> 
     </span>
    </p>
   </div>
   <div class='ocr_carea' id='block_1_10' title="bbox 394 3432 1506 3631">
    <p class='ocr_par' dir='ltr' id='par_1_11' title="bbox 394 3432 1506 3631">
     <span class='ocr_line' id='line_1_22' title="bbox 394 3432 1506 3522; baseline -0.001 -23"><span class='ocrx_word' id='word_1_143' title='bbox 394 3432 529 3499; x_wconf 69' lang='lat' dir='ltr'>Manell</span> <span class='ocrx_word' id='word_1_144' title='bbox 556 3435 681 3520; x_wconf 74' lang='lat' dir='ltr'>Karoty</span> <span class='ocrx_word' id='word_1_145' title='bbox 697 3437 804 3502; x_wconf 80' lang='lat' dir='ltr'>Ja&#39;noe</span> <span class='ocrx_word' id='word_1_146' title='bbox 821 3450 957 3515; x_wconf 78' lang='lat' dir='ltr'>rneatert,</span> <span class='ocrx_word' id='word_1_147' title='bbox 974 3439 1105 3501; x_wconf 75' lang='lat' dir='ltr'>Heni-ilc</span> <span class='ocrx_word' id='word_1_148' title='bbox 1123 3441 1256 3503; x_wconf 75' lang='lat' dir='ltr'>ddrnnak</span> <span class='ocrx_word' id='word_1_149' title='bbox 1271 3441 1347 3522; x_wconf 80' lang='lat' dir='ltr'>ficit,</span> <span class='ocrx_word' id='word_1_150' title='bbox 1362 3441 1506 3504; x_wconf 77' lang='lat' dir='ltr'>ddborriro</span> 
     </span>
     <span class='ocr_line' id='line_1_23' title="bbox 801 3545 1109 3631; baseline 0 -23"><span class='ocrx_word' id='word_1_151' title='bbox 801 3545 983 3631; x_wconf 79' lang='lat' dir='ltr'>jopoait&#39;tja.</span> <span class='ocrx_word' id='word_1_152' title='bbox 1012 3549 1109 3610; x_wconf 69' lang='lat'>1:292.</span> 
     </span>
    </p>
   </div>
   <div class='ocr_carea' id='block_1_11' title="bbox 394 3719 1507 4016">
    <p class='ocr_par' dir='ltr' id='par_1_12' title="bbox 394 3719 1507 4016">
     <span class='ocr_line' id='line_1_24' title="bbox 506 3719 1505 3810; baseline 0.005 -25"><span class='ocrx_word' id='word_1_153' title='bbox 506 3719 673 3804; x_wconf 79' lang='lat' dir='ltr'>Scriptum</span> <span class='ocrx_word' id='word_1_154' title='bbox 700 3728 749 3785; x_wconf 86' lang='lat' dir='ltr'>est</span> <span class='ocrx_word' id='word_1_155' title='bbox 780 3743 837 3806; x_wconf 84' lang='lat' dir='ltr'>per</span> <span class='ocrx_word' id='word_1_156' title='bbox 864 3724 999 3788; x_wconf 84' lang='lat' dir='ltr'>cundenr</span> <span class='ocrx_word' id='word_1_157' title='bbox 1027 3725 1192 3789; x_wconf 80' lang='lat' dir='ltr'>dominura</span> <span class='ocrx_word' id='word_1_158' title='bbox 1218 3725 1346 3808; x_wconf 83' lang='lat' dir='ltr'>Rege-in</span> <span class='ocrx_word' id='word_1_159' title='bbox 1377 3724 1505 3810; x_wconf 78' lang='lat' dir='ltr'>Vngarie</span> 
     </span>
     <span class='ocr_line' id='line_1_25' title="bbox 396 3826 1507 3917; baseline 0.005 -27"><span class='ocrx_word' id='word_1_160' title='bbox 396 3826 498 3890; x_wconf 90' lang='lat' dir='ltr'>nobili</span> <span class='ocrx_word' id='word_1_161' title='bbox 514 3827 585 3891; x_wconf 85' lang='lat' dir='ltr'>viro</span> <span class='ocrx_word' id='word_1_162' title='bbox 602 3829 759 3909; x_wconf 86' lang='lat' dir='ltr'>magistro</span> <span class='ocrx_word' id='word_1_163' title='bbox 775 3829 799 3894; x_wconf 84' lang='lat' dir='ltr'>J</span> <span class='ocrx_word' id='word_1_164' title='bbox 803 3830 924 3894; x_wconf 91' lang='lat' dir='ltr'>ohanni</span> <span class='ocrx_word' id='word_1_165' title='bbox 941 3831 1007 3895; x_wconf 84' lang='lat' dir='ltr'>lilio</span> <span class='ocrx_word' id='word_1_166' title='bbox 1024 3831 1161 3896; x_wconf 92' lang='lat' dir='ltr'>chrici</span> <span class='ocrx_word' id='word_1_167' title='bbox 1187 3833 1284 3917; x_wconf 82' lang='lat' dir='ltr'>Beni,</span> <span class='ocrx_word' id='word_1_168' title='bbox 1301 3835 1419 3900; x_wconf 85' lang='lat' dir='ltr'>dilecto</span> <span class='ocrx_word' id='word_1_169' title='bbox 1433 3829 1507 3898; x_wconf 83' lang='lat' dir='ltr'>fideli</span> 
     </span>
     <span class='ocr_line' id='line_1_26' title="bbox 394 3935 1018 4016; baseline 0.006 -19"><span class='ocrx_word' id='word_1_170' title='bbox 394 3952 452 3997; x_wconf 86' lang='lat' dir='ltr'>suo</span> <span class='ocrx_word' id='word_1_171' title='bbox 469 3935 609 4016; x_wconf 83' lang='lat' dir='ltr'>gratiam</span> <span class='ocrx_word' id='word_1_172' title='bbox 625 3938 660 4000; x_wconf 81' lang='lat' dir='ltr'>et</span> <span class='ocrx_word' id='word_1_173' title='bbox 676 3935 794 3998; x_wconf 84' lang='lat' dir='ltr'>bonaur</span> <span class='ocrx_word' id='word_1_174' title='bbox 811 3936 1018 4001; x_wconf 85' lang='lat' dir='ltr'>voluntatem.</span> 
     </span>
    </p>
   </div>
   <div class='ocr_carea' id='block_1_12' title="bbox 394 4057 1508 4582">
    <p class='ocr_par' dir='ltr' id='par_1_13' title="bbox 394 4057 1508 4582">
     <span class='ocr_line' id='line_1_27' title="bbox 501 4057 1507 4146; baseline 0.01 -27"><span class='ocrx_word' id='word_1_175' title='bbox 501 4057 550 4126; x_wconf 86' lang='lat' dir='ltr'>Vt</span> <span class='ocrx_word' id='word_1_176' title='bbox 564 4057 750 4124; x_wconf 85' lang='lat' dir='ltr'>inuasorenr</span> <span class='ocrx_word' id='word_1_177' title='bbox 769 4060 877 4144; x_wconf 84' lang='lat' dir='ltr'>Regni</span> <span class='ocrx_word' id='word_1_178' title='bbox 903 4066 1006 4127; x_wconf 80' lang='lat' dir='ltr'>nostri</span> <span class='ocrx_word' id='word_1_179' title='bbox 1034 4062 1191 4146; x_wconf 82' lang='lat' dir='ltr'>Vagaric‚</span> <span class='ocrx_word' id='word_1_180' title='bbox 1218 4067 1368 4133; x_wconf 82' lang='lat' dir='ltr'>fautores</span> <span class='ocrx_word' id='word_1_181' title='bbox 1394 4075 1425 4133; x_wconf 89' lang='lat' dir='ltr'>et</span> <span class='ocrx_word' id='word_1_182' title='bbox 1448 4088 1507 4131; x_wconf 88' lang='lat' dir='ltr'>con·</span> 
     </span>
     <span class='ocr_line' id='line_1_28' title="bbox 394 4156 1506 4259; baseline 0.008 -31"><span class='ocrx_word' id='word_1_183' title='bbox 394 4172 565 4229; x_wconf 87' lang='lat' dir='ltr'>sentaneos</span> <span class='ocrx_word' id='word_1_184' title='bbox 582 4186 657 4230; x_wconf 89' lang='lat' dir='ltr'>suos</span> <span class='ocrx_word' id='word_1_185' title='bbox 672 4187 710 4231; x_wconf 89' lang='lat' dir='ltr'>eo</span> <span class='ocrx_word' id='word_1_186' title='bbox 728 4169 887 4251; x_wconf 88' lang='lat' dir='ltr'>propitius</span> <span class='ocrx_word' id='word_1_187' title='bbox 905 4177 938 4234; x_wconf 87' lang='lat' dir='ltr'>ct</span> <span class='ocrx_word' id='word_1_188' title='bbox 953 4174 1098 4236; x_wconf 80' lang='lat' dir='ltr'>securius</span> <span class='ocrx_word' id='word_1_189' title='bbox 1115 4156 1341 4258; x_wconf 84' lang='lat' dir='ltr'>prosequaris,</span> <span class='ocrx_word' id='word_1_190' title='bbox 1360 4199 1419 4259; x_wconf 90' lang='lat' dir='ltr'>quo</span> <span class='ocrx_word' id='word_1_191' title='bbox 1442 4173 1506 4240; x_wconf 86' lang='lat' dir='ltr'>libc-</span> 
     </span>
     <span class='ocr_line' id='line_1_29' title="bbox 394 4270 1507 4364; baseline 0.011 -33"><span class='ocrx_word' id='word_1_192' title='bbox 394 4270 463 4333; x_wconf 85' lang='lat' dir='ltr'>rius</span> <span class='ocrx_word' id='word_1_193' title='bbox 482 4271 524 4334; x_wconf 88' lang='lat' dir='ltr'>ab</span> <span class='ocrx_word' id='word_1_194' title='bbox 544 4272 631 4336; x_wconf 88' lang='lat' dir='ltr'>omni</span> <span class='ocrx_word' id='word_1_195' title='bbox 648 4282 783 4358; x_wconf 88' lang='lat' dir='ltr'>propter</span> <span class='ocrx_word' id='word_1_196' title='bbox 799 4275 861 4340; x_wconf 89' lang='lat' dir='ltr'>hoc</span> <span class='ocrx_word' id='word_1_197' title='bbox 887 4277 1074 4344; x_wconf 76' lang='lat' dir='ltr'>collectione</span> <span class='ocrx_word' id='word_1_198' title='bbox 1100 4279 1228 4364; x_wconf 86' lang='lat' dir='ltr'>Judicij</span> <span class='ocrx_word' id='word_1_199' title='bbox 1257 4283 1400 4350; x_wconf 86' lang='lat' dir='ltr'>uidearis</span> <span class='ocrx_word' id='word_1_200' title='bbox 1428 4282 1507 4347; x_wconf 88' lang='lat' dir='ltr'>abso·</span> 
     </span>
     <span class='ocr_line' id='line_1_30' title="bbox 398 4375 1507 4472; baseline 0.012 -35"><span class='ocrx_word' id='word_1_201' title='bbox 398 4375 498 4453; x_wconf 86' lang='lat' dir='ltr'>lutus,</span> <span class='ocrx_word' id='word_1_202' title='bbox 514 4377 575 4440; x_wconf 89' lang='lat' dir='ltr'>tibi</span> <span class='ocrx_word' id='word_1_203' title='bbox 607 4383 639 4440; x_wconf 88' lang='lat' dir='ltr'>ct</span> <span class='ocrx_word' id='word_1_204' title='bbox 656 4380 729 4463; x_wconf 87' lang='lat' dir='ltr'>alijs</span> <span class='ocrx_word' id='word_1_205' title='bbox 746 4381 786 4445; x_wconf 88' lang='lat' dir='ltr'>de</span> <span class='ocrx_word' id='word_1_206' title='bbox 804 4382 928 4447; x_wconf 85' lang='lat' dir='ltr'>laniiliu</span> <span class='ocrx_word' id='word_1_207' title='bbox 945 4392 978 4450; x_wconf 83' lang='lat' dir='ltr'>ct</span> <span class='ocrx_word' id='word_1_208' title='bbox 995 4388 1146 4452; x_wconf 84' lang='lat' dir='ltr'>coniitiua</span> <span class='ocrx_word' id='word_1_209' title='bbox 1165 4394 1222 4454; x_wconf 88' lang='lat' dir='ltr'>tua</span> <span class='ocrx_word' id='word_1_210' title='bbox 1240 4389 1404 4456; x_wconf 81' lang='lat' dir='ltr'>licentiam</span> <span class='ocrx_word' id='word_1_211' title='bbox 1415 4411 1507 4472; x_wconf 81' lang='lat' dir='ltr'>prosc-</span> 
     </span>
     <span class='ocr_line' id='line_1_31' title="bbox 398 4481 1508 4582; baseline 0.016 -42"><span class='ocrx_word' id='word_1_212' title='bbox 398 4481 527 4563; x_wconf 82' lang='lat' dir='ltr'>quendi‚</span> <span class='ocrx_word' id='word_1_213' title='bbox 558 4483 740 4552; x_wconf 73' lang='lat' dir='ltr'>offendendi</span> <span class='ocrx_word' id='word_1_214' title='bbox 774 4497 805 4553; x_wconf 84' lang='lat' dir='ltr'>ct</span> <span class='ocrx_word' id='word_1_215' title='bbox 838 4491 1092 4578; x_wconf 82' lang='lat' dir='ltr'>dampnifioandj</span> <span class='ocrx_word' id='word_1_216' title='bbox 1120 4496 1305 4562; x_wconf 88' lang='lat' dir='ltr'>inuasorcrn</span> <span class='ocrx_word' id='word_1_217' title='bbox 1339 4501 1508 4582; x_wconf 82' lang='lat' dir='ltr'>predictum,</span> 
     </span>
    </p>
   </div>
   <div class='ocr_carea' id='block_1_13' title="bbox 0 0 1594 5236">
    <p class='ocr_par' dir='ltr' id='par_1_14' title="bbox 0 0 1594 5236">
     <span class='ocr_line' id='line_1_32' title="bbox 0 0 1594 5236; baseline 0 0"><span class='ocrx_word' id='word_1_218' title='bbox 0 0 1594 5236; x_wconf 95' lang='lat' dir='ltr'> </span> 
     </span>
    </p>
   </div>
   <div class='ocr_carea' id='block_1_14' title="bbox 1584 8 1589 2861">
    <p class='ocr_par' dir='ltr' id='par_1_15' title="bbox 1584 8 1589 2861">
     <span class='ocr_line' id='line_1_33' title="bbox 1584 8 1589 2861; baseline 0 0"><span class='ocrx_word' id='word_1_219' title='bbox 1584 8 1589 2861; x_wconf 95' lang='lat' dir='ltr'> </span> 
     </span>
    </p>
   </div>
  </div>
 </body>
</html>
