3174 5236
537 367 631 430 1300.
1115 365 1177 430 147

2 581 3 620 ,
60 535 153 626 Regni
168 541 313 626 Vagarie
330 566 350 608 a
367 543 548 608 Theotonia
564 543 717 608 uidelicet
733 561 841 622 usque
859 543 892 604 in
909 540 1079 622 Bosanam,
1107 549 1139 606 et
1156 566 1176 608 a

55 652 140 716 fluuio
156 653 249 718 Zaua
275 673 380 735 usquc
400 653 442 717 ad
458 659 599 718 montem
618 650 720 732 Gazd,
746 635 840 732 quain
860 649 938 714 dicti
959 648 1101 715 Comites
1118 649 1175 714 du-

2 745 3 822 }
58 759 121 825 dum
145 763 285 825 tenuisse
310 761 480 840 dicuntur;
512 781 550 823 ac
566 761 699 842 insuper
716 757 869 823 Castrum
888 757 1009 823 Medae
1025 759 1122 822 situm
1139 757 1174 822 in

1 873 3 954 l
57 867 132 930 dicto
146 866 264 950 Regno
281 865 436 950 Vngarie,
462 890 534 931 cum
550 865 743 944 hominibus,
773 864 934 944 vassallis,
948 865 1086 948 juribus
1102 866 1173 930 red-

2 963 4 1036 l
57 973 172 1054 ditibus,
215 976 440 1058 proueutibus,
482 974 598 1057 planis
629 973 802 1054 montibus
833 973 1029 1056 nemoribus
1060 975 1172 1057 pratis,

2 1079 3 1140 l
57 1087 183 1165 pascuis,
209 1085 313 1167 aquis,
339 1105 564 1165 aquarumque
589 1081 781 1147 decursibus
797 1089 830 1146 et
846 1083 1054 1167 pertinentijs
1071 1085 1173 1148 omni-

1 1171 3 1235 Ῑ
57 1191 106 1256 bus
121 1192 305 1272 eorundem,
322 1192 405 1256 sicut
422 1211 462 1254 ea
479 1191 557 1255 dicti
569 1187 714 1254 Comites
730 1188 887 1254 hactenus
903 1195 1086 1274 tenuerunt,
1102 1195 1172 1254 tam

57 1297 123 1379 ipsis
150 1318 249 1380 quam
275 1298 343 1361 suis
359 1297 532 1362 heredibus
548 1299 719 1378 utriusque
736 1318 830 1360 sexus
846 1317 886 1360 ex
903 1317 1015 1364 eorum
1031 1299 1174 1381 corpori-

56 1405 105 1468 bus
130 1405 277 1488 legitime
303 1404 583 1483 descendentibus,
608 1405 696 1468 natis
715 1404 799 1467 etin
816 1410 914 1468 antea
930 1404 1113 1485 nascituris,
1140 1409 1174 1471 in

57 1519 234 1597 perpetuum
251 1513 291 1577 de
309 1519 399 1576 certa
414 1518 527 1576 nostra
553 1511 698 1594 seientia,
722 1510 924 1576 liberalitate
942 1534 1034 1578 mera
1051 1521 1084 1579 et
1101 1535 1173 1598 spe·

55 1621 119 1704 cialj
135 1623 244 1703 gratia
260 1619 497 1698 confirmamus,
513 1617 604 1683 etad
620 1617 855 1701 plenitudinem
865 1621 968 1702 gratie
978 1621 1123 1704 potioris,
1134 1629 1168 1689 et

58 1730 197 1811 plenioris
213 1728 341 1794 roboris
357 1727 546 1793 firmitatem
562 1728 712 1811 predicta
727 1729 835 1794 omnia
848 1728 943 1811 juxta
954 1749 1046 1794 usum
1056 1737 1087 1794 et
1099 1753 1173 1798 con-

57 1839 247 1902 suetudinem
264 1837 345 1901 dicti
361 1837 468 1918 Regni
485 1833 631 1918 Vagarie
658 1836 780 1901 eisdem
797 1835 990 1922 comitibus,
1016 1844 1049 1903 et
1075 1838 1172 1906 dictis

57 1945 112 2008 suis
126 1943 310 2022 heredibus
328 1944 369 2009 de
386 1945 457 2027 ipsa
473 1949 563 2007 certa
578 1949 692 2008 nostra
707 1944 905 2009 conscientia
922 1946 1127 2014 concedimus
1137 1955 1171 2013 et

59 2051 211 2118 donamus.
251 2051 442 2117 Reseruatis
468 2052 562 2116 nobis
587 2049 641 2114 uel
657 2050 796 2129 Karolo,
824 2058 902 2115 nato
917 2052 999 2118 boue
1017 2056 1170 2120 memorie

57 2155 164 2243 Karolj
182 2159 392 2243 primogenitj
408 2160 513 2226 nostri
530 2159 607 2222 olim
623 2158 725 2242 Regis
742 2157 896 2242 Vngarie‚
921 2157 1008 2242 Regi
1024 2161 1170 2227 eiusdem

59 2262 154 2350 Regnj
175 2265 321 2352 Vngarie
348 2267 507 2346 omnibus,
533 2287 597 2349 que
621 2272 691 2331 tam
716 2268 843 2332 ratione
868 2267 1002 2332 maioris
1028 2267 1172 2355 dominij,

2 2401 3 2462 q
59 2393 145 2454 quam
160 2375 244 2441 alias
258 2375 356 2441 etiam
373 2375 464 2440 nobis
473 2375 527 2439 uel
538 2374 642 2438 eidem
652 2375 762 2459 nepotj
774 2381 888 2440 nostro
899 2373 1065 2457 debentur,
1081 2378 1173 2443 iuxta

2 2465 3 2526 l
59 2481 153 2562 ipsum
168 2503 262 2548 usum
278 2489 311 2546 ct
327 2480 592 2548 consuetudinem
607 2480 717 2564 Regni
726 2479 871 2564 Vngarie
889 2483 1079 2566 supradicti,
1095 2485 1173 2552 lide·

58 2586 140 2654 litate
157 2598 270 2656 nostra
286 2596 320 2654 et
335 2590 475 2672 predicti
490 2590 618 2673 nepotis
635 2591 747 2668 nostri,
762 2589 892 2674 juribus
910 2611 1040 2672 quoque
1051 2594 1171 2658 nostris

60 2703 89 2759 et
103 2700 172 2779 suis,
197 2722 236 2765 ac
252 2699 426 2764 cuiuslibet
442 2700 577 2765 alterius
594 2700 628 2762 in
645 2699 719 2782 alijs
735 2720 861 2781 semper
877 2700 986 2764 saluis
1024 2701 1064 2765 Iu
1081 2702 1171 2766 cuius

2 2827 3 2910 q
60 2803 101 2886 rej
116 2804 206 2872 fidem
231 2814 490 2890 perpetuamque
506 2807 704 2887 memoriam,
723 2813 754 2870 et
771 2806 935 2872 Comitum
951 2808 1172 2890 predictorum

2 2913 3 3000 l
60 2908 267 2996 heredumque
283 2937 416 2979 suorum
431 2915 592 2980 cautelam
608 2933 741 2996 presens
757 2913 965 2996 priuilegium
976 2912 1170 2997 exindcfierj

61 3023 90 3080 et
110 3022 260 3102 pendenti
286 3022 395 3104 sigillo
421 3023 608 3087 Maiestatis
632 3021 756 3086 Nostro
784 3021 939 3104 jussimus
969 3023 1172 3105 communirj.

2 3108 4 3120 ¹
60 3121 168 3194 Actum
192 3129 335 3214 Neapolj
363 3129 567 3211 presentibus
592 3130 717 3212 Magne
743 3127 841 3193 Ourie
872 3137 983 3193 nostre
1007 3129 1172 3214 Magistro

2 3225 3 3292 l
60 3230 221 3318 Rationali,
233 3235 448 3321 Consiliarijs,
463 3236 681 3303 familiaribus
699 3244 732 3302 ot
747 3237 896 3303 fidelibus
914 3239 1033 3303 nostris
1050 3259 1088 3302 ac
1102 3237 1173 3321 pln-

2 3326 6 3366 ²'
62 3341 139 3408 ribus
162 3345 255 3431 alijs;
288 3353 322 3412 et
338 3346 450 3411 datum
466 3346 587 3412 ibidem
603 3366 661 3428 per
677 3367 792 3411 manus
809 3345 1036 3409 Bartholomci
1052 3344 1092 3409 de
1111 3342 1172 3408 Oa-

62 3468 119 3528 pua
133 3453 254 3534 militis,
269 3453 454 3536 Logothete
470 3459 503 3518 et
514 3451 762 3535 Prothonotarij
775 3451 881 3536 Regni
892 3451 1001 3516 Sicilie
1011 3472 1096 3518 anno
1106 3448 1173 3514 Do·

62 3557 131 3621 mini
146 3559 314 3625 millesimo
327 3557 432 3626 000⁰
448 3558 501 3623 die
512 3558 636 3624 XIIII.
653 3559 735 3644 ltIaij
754 3557 859 3624 XIII.
875 3558 1070 3642 indictionis,
1086 3555 1172 3640 Reg-

2 3699 3 3754 ss
62 3680 165 3729 norum
180 3675 365 3733 nostrorum
380 3689 466 3734 anuo
483 3666 582 3738 XVI.

158 3845 193 3906 (A
208 3847 291 3914 »Reg
306 3847 456 3912 Angioini«
473 3851 531 3900 101.
546 3864 583 3899 sz.
597 3847 665 3914 Reg.
680 3843 775 3900 Karoll
788 3843 825 3902 11.
840 3847 897 3897 ket.
915 3849 953 3900 ι2,
968 3845 1002 3910 Ι.;
1023 3857 1047 3894 u.
1063 3846 1099 3906 o.)

536 4133 687 4144 d-——un-
