3234 5238
712 325 947 377 unnomoaur
963 315 1132 376 smnus.

897 617 949 676 30.

356 745 385 802 1.
403 740 528 826 Ku'roly
544 739 671 802 sicilici
687 739 866 825 kirdtyuuk
886 737 1038 802 readelcte
1056 759 1077 800 a
1103 739 1223 826 ledaya
1249 740 1394 806 lzadcdlu
1420 763 1491 805 aaa·

355 847 568 932 pyurorezcipi
583 850 760 910 utuzcisctru
769 844 883 931 feivett
909 844 1077 910 kulcconek
1103 845 1326 928 vieszufizete'se
1358 853 1492 936 tu‘rpyd·

829 951 903 1015 boa.
922 953 1017 1016 1271.

465 1129 545 1197 VII.
572 1128 771 1194 Nouembris
796 1127 875 1194 XV.
901 1128 1091 1195 indictionis
1116 1129 1226 1195 Melfie
1251 1131 1410 1216 scriptum
1442 1138 1493 1200 est

357 1237 546 1323 dohanarijs
562 1245 595 1302 et
610 1236 800 1320 suudioarijs
816 1237 935 1301 Baruli
951 1237 985 1301 in
1004 1237 1064 1302 hoe
1079 1237 1194 1304 verba:

464 1346 532 1411 Pro
548 1351 640 1428 purte
656 1345 803 1428 Philippi
820 1344 860 1409 de
877 1342 982 1409 Sauta
999 1343 1101 1410 Orooe
1122 1344 1334 1412 Prothontini
1351 1353 1412 1412 ete
1429 1347 1492 1414 fuit

358 1455 540 1538 expositum
557 1475 667 1519 coram
686 1453 788 1535 nobis,
815 1453 902 1532 qnod
929 1453 1051 1518 dudum
1076 1452 1222 1518 Johanni
1248 1453 1288 1517 de
1315 1454 1489 1521 Confluen-

356 1563 404 1628 tie
419 1562 606 1628 Justitiario
624 1561 819 1645 Capitauate
836 1569 895 1626 etc.
912 1562 1025 1626 datum
1041 1561 1105 1627 fnit
1121 1561 1310 1628 mandatnm
1323 1565 1492 1629 eontinen-

358 1671 405 1736 tie
422 1670 637 1754 infrascripto.
1616 1730 1617 1739 ,

463 1778 564 1861 Hugo
578 1778 656 1844 Dux
671 1777 861 1860 Burgundio
879 1783 937 1842 etc.
954 1777 978 1843 J
981 1779 1101 1843 ohanni
1128 1778 1168 1843 de
1193 1773 1404 1846 Continentia
1429 1787 1491 1846 ete.

357 1885 517 1969 Exposuit
533 1886 625 1952 uobis
642 1883 815 1967 Philippus
828 1882 868 1948 de
879 1882 1002 1950 Sancta
1013 1881 1116 1949 Ornce
1126 1885 1220 1949 miles
1232 1889 1292 1950 etc.
1305 1887 1394 1968 quod
1412 1887 1492 1953 licet
1613 1873 1616 1900 ⁴

236 2043 240 2050 .
357 1993 505 2058 dominus
521 1998 632 2056 noster
648 1991 720 2057 Rex
736 1991 814 2056 olim
830 1993 890 2058 tibi
907 1992 966 2057 sub
993 1997 1082 2056 certa
1108 1991 1213 2058 forma
1239 1993 1385 2058 dedisset
1418 1997 1488 2060 suis

356 2100 479 2164 licteris
495 2100 529 2164 in
545 2099 716 2180 mendatis,
732 2106 764 2162 vt
781 2099 885 2163 eidem
901 2098 1056 2182 Philippo
1073 2099 1116 2162 ad
1132 2100 1378 2182 requisitionem
1395 2124 1490 2167 suam

355 2207 526 2291 pecuniam
542 2206 755 2271 necessarium
771 2225 830 2287 pro
848 2205 1065 2270 conducendis
1089 2206 1162 2288 gal
1174 2208 1245 2288 eis,
1261 2208 1302 2272 in
1321 2207 1492 2290 quibus

356 2315 569 2379 illustris
593 2314 756 2378 mulier
780 2312 1198 2380 dominastbella
1221 2322 1327 2381 nata
1348 2317 1493 2402 Regis

356 2422 555 2487 eiusdem
578 2444 669 2487 cum
692 2443 768 2486 sua
792 2422 1010 2487 comitiua
1029 2421 1080 2488 ad
1104 2428 1261 2505 partes
1286 2422 1492 2510 Vngarie

355 2536 636 2614 portaretur,
662 2531 729 2596 sine
747 2529 942 2595 difficultate
960 2530 1112 2612 qualibet
1126 2533 1307 2615 assignare,
1322 2539 1356 2597 et
1382 2533 1494 2615 requi-

356 2639 436 2702 situs
461 2637 503 2704 ab
519 2658 556 2703 eo
573 2636 613 2701 de
629 2638 745 2703 dandis
776 2659 835 2720 pro
861 2638 931 2720 ipso
958 2639 1088 2720 negotio
1115 2640 1218 2723 vncijs
1243 2639 1316 2703 auri
1341 2639 1495 2706 ducentis

356 2745 509 2836 ponderis
526 2746 706 2831 generalis:
722 2752 897 2811 tutamen
924 2767 1080 2827 asserem,
1107 2747 1279 2830 pecuniam
1303 2743 1403 2812 Curie
1416 2749 1422 2757 '
1435 2754 1494 2814 tue

365 2876 424 2938 pre
449 2853 598 2920 manibus
622 2875 686 2916 non
711 2851 841 2936 habere,
870 2854 1042 2936 pecuniam
1068 2855 1174 2936 ipsam
1200 2853 1306 2919 eidem
1336 2853 1496 2939 Philippo

360 2963 530 3046 assignare
545 2961 704 3026 hactenus
729 2983 794 3024 non
825 2963 968 3041 curasti3
985 2960 1042 3024 sed
1058 2962 1165 3045 potius
1191 2961 1393 3045 perlicteras
1417 2968 1494 3028 tuas

356 3070 494 3153 clausae,
522 3089 604 3152 quas
629 3076 687 3134 tuo
714 3068 821 3152 sigillo
847 3068 989 3132 munitas
1015 3090 1127 3133 coram
1152 3068 1246 3134 nobis
1277 3071 1493 3152 presentauit,

355 3179 481 3263 rogasti
497 3177 644 3257 eundem,
659 3183 695 3243 vt
705 3177 765 3242 tibi
776 3175 911 3242 eandem
921 3178 1100 3259 pecuniam,
1120 3197 1217 3258 quam
1238 3177 1301 3242 sibi
1318 3180 1492 3244 restituere

356 3285 544 3369 promisisti,
568 3307 629 3369 pro
668 3284 855 3351 huiusmodi
871 3286 1001 3367 negotio
1018 3290 1193 3349 mutuaret.
1215 3281 1327 3367 Quare
1343 3285 1492 3369 prefatus

357 3391 530 3478 Philippus
546 3392 753 3477 supplicuuit,
768 3398 803 3457 vt
819 3393 976 3476 cumipse
992 3393 1175 3474 predictum
1202 3393 1422 3474 quantitatem
1439 3414 1491 3477 pc·

359 3502 453 3565 cunie
480 3499 519 3566 dc
555 3500 739 3565 huiusmodi
769 3500 980 3583 promissione
1012 3505 1070 3564 tua
1103 3500 1251 3579 contione,
1282 3520 1343 3583 pro
1375 3500 1491 3565 eodem
1613 3549 1615 3558 .

357 3608 486 3691 negotio
503 3607 543 3672 de
560 3629 617 3673 suo
633 3607 839 3691 persoluerit‚
855 3607 959 3689 ipsum
976 3606 1038 3671 sibi
1069 3607 1244 3672 restituere
1269 3606 1487 3672 mederemus.

356 3717 500 3799 Ideoque
515 3721 575 3780 eto.
600 3715 796 3780 auctoritate
823 3733 887 3794 qua
903 3712 1069 3795 fungimur
1095 3721 1164 3796 ete,
1183 3720 1345 3796 quatenns
1376 3717 1488 3780 statim

354 3826 496 3909 receptis
512 3823 726 3916 presentibus,
742 3843 805 3886 non
821 3819 974 3886 obstante
991 3820 1031 3886 de
1054 3827 1201 3904 tempore
1217 3822 1282 3887 iam
1308 3821 1433 3906 elapso,
1457 3829 1490 3887 et

356 3932 445 4015 quod
461 3932 594 4015 negotia
610 3929 758 4012 predicta
774 3929 873 3994 Ourie
890 3929 954 3992 sint
970 3934 1124 4011 peracte3
1141 3950 1178 3994 eo
1205 3929 1295 4010 quod
1320 3931 1487 4012 predictus

355 4040 531 4124 Philippus
547 4037 762 4121 promissione
778 4036 970 4100 lieterarum
985 4041 1116 4099 tuarum
1141 4035 1366 4118 predictarum
1393 4035 1486 4101 eonfi-
1609 4029 1614 4058 ³

355 4147 434 4212 dens
450 4147 531 4228 ipsa,
565 4144 604 4209 de
621 4144 753 4227 proprio
770 4143 881 4206 extitit
906 4147 1060 4207 executus
1085 4140 1277 4208 urendatum
1303 4143 1485 4226 predictum
1570 4159 1575 4166 ·

355 4253 457 4336 Regis
474 4253 515 4317 de
531 4253 669 4337 pecunia
684 4252 838 4336 presenti,
856 4271 917 4332 que
935 4251 1047 4316 subter
1079 4251 1255 4332 maritagio
1281 4272 1337 4316 seu
1363 4249 1484 4316 baiula-

358 4360 455 4423 tionis
471 4359 592 4423 lictoris
609 4365 667 4424 aut
683 4358 829 4423 collectis
854 4358 958 4440 primo
983 4357 1175 4440 imponendo
1200 4359 1234 4421 in
1259 4357 1284 4422 J
1286 4357 1485 4423 ostitiarietu

357 4473 413 4529 tuo
430 4466 499 4529 sine
516 4485 707 4546 quecunque
723 4473 781 4530 ete.
798 4465 833 4528 iu
849 4463 998 4529 omnibus
1024 4469 1058 4528 et
1082 4485 1141 4546 per
1171 4464 1280 4528 omnia
1306 4462 1483 4545 exequaris,
1611 4487 1613 4518 ε
