3170 5234
578 456 670 518 1318.

600 761 674 821 270.

1 973 2 1006 3
83 924 186 987 Rodert
203 921 328 1005 Kdroly
347 939 489 1004 mapyar
505 919 620 1004 kirtly
635 945 657 983 a
673 921 936 1012 Maqyarorazeip
953 929 985 991 te
1002 953 1023 993 α
1040 931 1194 998 velenczei

1 1111 2 1134 ᾖ
103 1033 301 1114 kdztdreaseip
317 1026 402 1091 ltdzli
418 1026 620 1091 kereelccde‘aa'
636 1029 857 1116 oiszoayokrdl
874 1033 1065 1100 inte‘zkedt'k.
1083 1042 1177 1104 1318.

1 1290 2 1295 ¹
177 1206 247 1272 Nos
273 1204 413 1270 Carolus
429 1205 493 1270 Dei
517 1205 627 1288 gratia
642 1203 715 1271 Rex
732 1205 901 1292 Hungarie
927 1217 987 1276 etc.
1012 1215 1098 1295 quod
1115 1218 1193 1298 quia

71 1319 147 1383 iuter
163 1321 287 1380 ceteras
303 1313 406 1397 Regia
417 1313 607 1397 Majestatis
624 1313 859 1382 sollicitudines
875 1317 1063 1386 intentionis
1078 1327 1191 1388 nostre

73 1432 125 1504 est,
147 1431 177 1488 et
199 1422 294 1489 firmo
320 1444 418 1507 opere
444 1423 600 1506 cupimus,
626 1422 713 1515 quod
736 1425 823 1488 iuter
848 1426 933 1490 viros
959 1426 1086 1494 nobiles
1103 1431 1189 1496 ciues

1 1589 2 1592 ,
70 1531 262 1600 Venetenses
288 1553 327 1596 ac
351 1539 462 1614 partes
489 1532 534 1594 eis
551 1532 718 1614 subjectas
735 1553 773 1596 ex
788 1555 863 1615 una,
888 1539 920 1598 et
935 1534 1086 1618 Regnum
1103 1535 1191 1603 Nos.

68 1647 148 1704 trum
163 1639 310 1724 Vngarie
336 1646 485 1722 exparte
502 1638 608 1704 altera
623 1645 737 1703 mutua
755 1641 960 1706 conuersatio
978 1648 1011 1706 et
1027 1645 1187 1710 securitas

66 1748 182 1814 itineris
198 1749 352 1830 utrinque
369 1752 491 1830 pateat,
509 1753 541 1811 et
558 1748 663 1812 omnis
680 1747 889 1812 dissensionis
906 1770 944 1813 ac
958 1753 1186 1819 arrestationis

65 1859 206 1936 materia,
231 1878 293 1939 que
310 1855 476 1938 hucusque
498 1876 581 1919 nunc
598 1854 667 1920 fiori
685 1857 857 1940 contingit,
874 1857 917 1921 ad
933 1859 1138 1926 commodum
1154 1869 1188 1926 et

1 1977 2 2038 ᾗ
67 1963 238 2029 utilitatem
263 1963 339 2028 hino
365 1963 441 2028 inde
467 1984 526 2045 per
543 1963 675 2027 modum
692 1963 863 2046 pacificum
879 1964 1076 2046 moderetur,
1101 1968 1187 2032 huuc

65 2071 187 2135 modum
211 2073 325 2137 utilem
352 2071 391 2136 de
418 2072 580 2136 communi
605 2072 774 2138 voluntate
794 2074 944 2137 duximus
961 2073 1185 2155 ordinandum,

65 2197 151 2259 quem
168 2179 387 2245 effectualiter
403 2179 578 2246 observare
595 2180 814 2261 promittimus
831 2189 863 2246 et
879 2179 987 2246 facere
1004 2182 1186 2264 obseruari,

1 2299 2 2363 ζ
63 2286 223 2353 videlicet:
240 2286 338 2371 Quod
355 2293 552 2354 mercatores
568 2289 680 2368 nostri,
698 2289 754 2369 qui
765 2287 923 2355 Venutius
940 2309 1015 2354 oum
1027 2291 1093 2354 suis
1104 2309 1186 2356 mer·

66 2393 239 2459 cationibus
266 2395 395 2473 inerint,
421 2396 454 2458 in
474 2395 809 2477 recompensationem
826 2395 1041 2478 dampnorum
1058 2396 1135 2462 olim
1150 2400 1184 2464 in

1 2517 2 2577 ἦ
64 2495 228 2566 Cerinthia
253 2502 333 2584 ipsis
359 2501 495 2566 Ciuibus
511 2500 760 2583 Venetensibus‚
786 2507 819 2566 vt
844 2501 972 2582 dicitur,
998 2509 1030 2566 et
1056 2504 1184 2569 demum

1 2649 2 2690 Ξ
64 2606 185 2672 domino
201 2607 309 2675 Vitali
324 2609 430 2673 Miani
455 2629 515 2691 per
530 2607 721 2674 Ladislaum
748 2608 852 2674 filium
869 2607 1065 2676 Ouuarnarii
1081 2609 1181 2697 (Var-

63 2715 153 2800 uerii)
164 2717 380 2782 deBaduaria
396 2714 628 2800 OEudavara?)
644 2715 820 2798 illatorum,
837 2717 876 2782 de
894 2719 960 2785 suis
977 2720 1183 2786 mercationi-

1 2831 2 2898 }
63 2821 125 2905 bus,
151 2847 231 2908 quas
248 2823 407 2893 Venetias
423 2824 637 2906 portauerint‚
655 2823 695 2888 de
712 2813 839 2889 centum
856 2824 998 2890 marchis
1015 2827 1183 2892 marcham

1 2910 2 2988 l
64 2936 93 2993 et
107 2933 243 2997 mediam
258 2930 345 2997 inira
361 2953 418 2996 sex
438 2930 515 3010 dice,
532 2938 707 3014 postquam
723 2929 883 2997 Venetiae
899 2932 1104 3016 intrauerint,
1121 2935 1181 2999 sol·

1 3037 2 3113 ἶ
62 3057 129 3102 uere
144 3047 327 3104 teneantur.
351 3039 404 3104 lta
421 3038 579 3117 videlicet,
606 3039 693 3120 quod
709 3059 771 3102 vna
788 3042 1034 3122 procentenario
1051 3063 1182 3108 couver-
1226 3074 1227 3078 ¹

1 3141 2 3200 ἶ
63 3149 143 3211 tatur
168 3155 199 3211 et
225 3152 433 3230 computetur
449 3145 651 3211 solummodo
668 3146 701 3210 in
718 3145 877 3211 solutione
893 3148 1086 3232 repressalie
1103 3149 1183 3216 dicti

61 3251 307 3322 dominiVitalis
318 3254 433 3333 Miani,
450 3254 557 3318 media
568 3275 642 3319 vero
653 3275 713 3336 pro
725 3257 914 3320 centenario
931 3256 965 3320 in
982 3257 1179 3324 solutionem

1 3367 2 3422 ζ
62 3359 189 3426 alterius
207 3363 340 3446 dampni
356 3362 491 3445 antiqui.
508 3361 553 3426 Et
563 3362 625 3425 hoc
634 3360 705 3426 fieri
717 3368 750 3426 et
760 3363 902 3445 persolui
913 3363 1060 3430 volumus
1072 3387 1092 3431 a
1103 3365 1181 3433 data

61 3470 252 3546 presentium
282 3468 368 3534 infra
400 3469 544 3552 spatium
576 3469 687 3534 decem
719 3490 876 3534 annorum
908 3471 967 3535 hac
995 3471 1181 3540 conditione

61 3572 186 3658 adjecta,
214 3577 346 3659 quodsi
364 3576 484 3658 aliquis
502 3579 642 3641 scienter
657 3598 722 3642 non
740 3578 894 3660 solueret,
910 3581 960 3646 vel
976 3589 1180 3663 presentaret

1 3761 2 3768 ἵ
60 3679 98 3744 de
114 3705 159 3762 eo,
176 3685 265 3767 quod
281 3691 448 3768 portasset
463 3685 550 3750 inira
566 3685 690 3749 dictum
704 3687 888 3766 terminum,
904 3709 944 3752 ex
960 3695 1038 3752 tuno
1055 3689 1179 3773 ellapso

1 3791 2 3803 ¹
60 3792 190 3857 termino
227 3813 283 3857 sex
308 3793 434 3859 dierum
459 3815 520 3877 pro
544 3793 679 3857 marcha
704 3799 737 3857 et
762 3795 871 3859 media
896 3817 1014 3878 penum
1038 3798 1179 3880 quinque

60 3899 258 3966 marcharum
273 3903 428 3983 patiatur.
452 3901 577 3965 Datum
588 3899 682 3965 Bude
699 3901 797 3966 tertio
815 3903 967 3967 calendas
979 3901 1178 3987 Septembris
1276 3989 1282 3998 ἡ

59 4023 133 4070 anuo
149 4007 286 4072 Domini
302 4006 570 4074 MOOOXVHI.

153 4187 191 4255 (Α
216 4189 319 4254 »Copia
339 4190 371 4240 de
385 4189 625 4241 (lommemorialic
651 4191 743 4242 ezimlt
757 4193 897 4243 velenczei
911 4189 1128 4255 dllamkttnyvelt
1139 4188 1176 4241 11.

60 4273 109 4328 lit.
124 4284 180 4329 157.
196 4281 260 4342 lev„
273 4293 289 4329 a
302 4281 376 4330 beeri
390 4281 474 4330 estez.
488 4282 577 4330 titkos
590 4281 776 4345 leveltdrban)

534 4477 692 4490 hnc——u-—a-—d
