3170 5234
763 346 999 395 nurnonacmm
1014 333 1184 394 nucarum

947 567 1019 628 255.

412 737 562 808 Erzedbet
583 744 619 808 V.
637 745 659 806 I
661 748 752 807 attan
769 768 910 831 acupyur
926 746 1109 832 lrirdlpnole
1125 747 1244 835 lednya
1272 749 1304 812 έε
1331 747 1437 811 Morio
1454 746 1516 812 cici·

589 851 654 914 lieri
671 851 894 937 lira'lpar‘nelo
913 856 1022 918 relicere
1040 854 1247 940 Ncipelyban.
1283 857 1377 920 1313.

519 1025 570 1092 De
586 1027 776 1096 Elisabetta
802 1030 842 1096 de
867 1031 1019 1116 Vngaria
1045 1033 1079 1098 iu
1105 1033 1305 1100 monasterio
1339 1032 1426 1098 Secti
1440 1031 1520 1098 Petri

413 1134 456 1199 ad
474 1133 662 1200 Castellum.

519 1298 552 1358 (Α
570 1299 711 1364 »Registri
725 1301 874 1364 Angioini<
890 1305 922 1353 A.
942 1307 999 1366 1993
1026 1319 1062 1353 sz.
1085 1305 1154 1374 Reg.
1168 1305 1284 1355 Rcberti
1312 1300 1446 1355 nocetebol
1468 1305 1521 1354 nr.

363 1419 366 1433 .
414 1388 478 1455 lem,
490 1403 521 1438 az
536 1389 609 1440 olasz
624 1390 677 1442 kir.
692 1390 802 1444 Grande
817 1390 1011 1442 Archivioban
1022 1389 1208 1459 Ndpolyban.)

900 1573 1060 1584 ——u——Q—

945 1812 1018 1874 256.

417 1965 465 2030 ΙΙ.
483 1968 615 2032 Mlodin
631 1971 742 2033 bort-<it
760 1972 792 2034 css
809 1971 956 2036 boazniai
988 1973 1049 2035 ba'n
1069 1972 1221 2037 releaezei
1244 1973 1431 2059 pclpdrnolt
1444 1969 1526 2050 fclre'·

570 2078 683 2155 letrau,
699 2079 945 2166 bttsdpctfopad
962 2105 982 2144 a
1000 2081 1287 2168 bbztdrsasdpnalc.
1310 2083 1401 2146 1314.

528 2254 718 2320 Maladinus
736 2253 905 2321 Secundus
917 2256 1134 2324 Chroatorum
1146 2267 1179 2325 ct
1189 2259 1290 2324 totius
1300 2257 1410 2324 Bosue
1423 2250 1532 2332 Bonus,

417 2363 520 2428 uobili
532 2364 599 2428 uiro
611 2362 775 2430 Saracena
786 2365 863 2430 olim
872 2367 1005 2432 Domini
1016 2365 1097 2450 Elye
1108 2365 1147 2431 de
1158 2365 1314 2451 Sybinico
1326 2367 1443 2433 dilecto
1452 2363 1530 2429 fideli

422 2492 480 2535 surr)
497 2473 642 2554 graciam
659 2482 691 2537 et
708 2473 850 2538 salutem
866 2496 939 2540 cum
955 2475 1051 2556 plena
1068 2474 1253 2540 dileccione.
1285 2474 1337 2538 De
1363 2475 1410 2540 tui
1441 2470 1531 2537 fideli-

418 2583 488 2642 tate
504 2577 662 2644 habentes
679 2580 832 2646 fiduciam
848 2581 1020 2665 illibatam,
1038 2583 1125 2666 quod
1142 2603 1190 2665 ea,
1206 2605 1268 2666 que
1292 2583 1352 2649 tibi
1378 2579 1535 2648 committi·

421 2707 500 2766 mus,
517 2685 659 2750 sollicito
677 2685 785 2752 studio
797 2689 876 2752 aclis
886 2689 1063 2766 attendere,
1074 2694 1107 2753 et
1123 2689 1250 2773 singula
1266 2710 1326 2772 pro
1342 2693 1398 2754 tue
1414 2685 1535 2772 possibi-

421 2792 512 2858 litate
528 2817 665 2876 persone
682 2795 715 2859 in
735 2794 934 2861 effectualem
960 2798 1140 2880 producere
1166 2797 1296 2876 exitum,
1336 2805 1370 2863 et
1415 2833 1456 2844 -
1497 2831 1534 2843 ”-

422 2939 465 2948 —
510 2940 553 2948 -
572 2903 621 2966 his
638 2903 796 2986 siquidem
813 2903 962 2970 omnibus
979 2905 1105 2970 inducti
1121 2904 1287 2989 predictis,
1302 2911 1337 2970 te
1352 2906 1388 2969 in
1402 2910 1535 2968 nostrum

422 3009 582 3090 nundum,
600 3011 776 3092 syndicum,
794 3017 826 3076 et
842 3019 1088 3093 procuratorem
1113 3013 1299 3095 generalem
1324 3019 1355 3077 et
1372 3010 1534 3095 specialem

422 3119 464 3182 ad
481 3118 601 3182 dornini
627 3117 727 3182 Ducis
754 3120 954 3201 presentiam
985 3128 1016 3183 et
1035 3117 1221 3186 Communis
1246 3116 1462 3188 Venetiarnm
1477 3139 1537 3202 per·

423 3226 580 3289 sonaliter
597 3249 668 3290 eece
685 3226 884 3291 destinamus
901 3227 944 3291 ad
970 3225 1190 3308 tractandum,
1221 3227 1448 3309 ordinandum,
1464 3245 1537 3292 com·

425 3332 618 3414 ponendum,
650 3333 842 3412 faciendam,
874 3332 1067 3399 firmandum
1083 3340 1117 3402 et·
1136 3335 1377 3400 terminandum
1397 3333 1538 3411 finaliter,

418 3461 486 3521 'que
522 3441 616 3506 dccet
632 3445 663 3504 ct
681 3441 830 3505 conuenit
862 3462 956 3523 quem
974 3463 1099 3525 cuuque
1125 3440 1301 3526 syndicum,
1325 3443 1477 3507 nuncium
1492 3444 1540 3506 aut

426 3555 671 3628 procuratorem
688 3548 870 3630 legitimum
886 3555 919 3614 et
933 3548 1063 3614 fidelem
1089 3569 1188 3633 super
1213 3550 1333 3616 nostris
1350 3549 1490 3631 negotiis
1503 3548 1539 3613 iu-

427 3655 583 3736 l'radietis,
599 3656 768 3720 tradentes
785 3655 846 3720 tibi
863 3656 994 3738 plenam
1020 3655 1208 3720 facultatem
1234 3663 1268 3721 et
1291 3661 1491 3739 potestatem
1503 3656 1540 3719 iu·

427 3771 552 3843 tegram
567 3763 700 3846 jurandi
716 3763 750 3826 in
767 3764 875 3828 anima
892 3770 925 3827 et
950 3762 1012 3826 fide
1030 3770 1152 3844 nostra,
1178 3787 1217 3830 ac
1233 3763 1446 3850 promittendi
1475 3764 1540 3828 cita·

426 3871 583 3953 dantium,
600 3871 802 3952 fidelitatem,
819 3879 849 3935 ct
867 3871 1082 3936 stabilitatem
1099 3871 1318 3938 omnimodam
1334 3871 1399 3955 ipsi
1424 3871 1542 3936 domino

426 3979 514 4045 Duci
532 3985 563 4044 ct
581 3980 753 4047 Communi
781 3979 930 4062 predicto
956 3979 989 4043 in
1021 3985 1225 4063 perpetuum,
1252 3978 1454 4060 dicendique,
1470 3985 1543 4043 trae

428 4089 530 4172 tandi,
560 4087 744 4166 reuocandi,
776 4094 808 4151 et
841 4085 993 4151 firmandi
1019 4086 1052 4150 in
1078 4093 1147 4152 toto
1164 4088 1215 4152 rel
1239 4087 1272 4150 in
1288 4093 1385 4170 parte
1401 4085 1507 4150 omnia
1519 4091 1543 4148 et

430 4197 560 4281 singula
577 4197 663 4261 circa
679 4195 783 4277 ipsum
799 4197 965 4278 negotium
996 4201 1144 4261 nostrum
1169 4202 1203 4260 et
1217 4195 1287 4278 ejus
1304 4193 1543 4277 expeditionem.

431 4328 492 4388 qne
523 4305 646 4370 uersari
672 4303 790 4368 uiderit
815 4311 871 4369 tue
898 4303 1051 4370 discretio
1077 4303 1261 4387 probitatis,
1287 4323 1345 4367 nec
1378 4322 1443 4367 non
1473 4302 1545 4369 circa

434 4414 500 4494 illa,
532 4435 593 4496 que
625 4413 659 4477 in
690 4418 836 4480 nostrum
863 4419 895 4478 et
920 4413 1142 4500 predictorunn
1167 4411 1400 4479 redundabunt
1425 4429 1545 4478 commo

433 4521 509 4592 dum
526 4528 559 4588 et
574 4521 740 4607 honorem,
755 4520 916 4608 largimur
932 4527 966 4591 et
983 4519 1179 4592 conferimus
1195 4519 1255 4592 tibi
1272 4540 1400 4591 omnem
1417 4523 1546 4610 potesta·
