3174 5236
571 339 665 410 1300.

590 650 663 712 174.

238 810 516 898 Mapparoracdpi
534 809 744 874 carriudolcok
760 808 917 872 Romala.
943 810 1037 872 1300.

169 971 310 1036 Securus
326 969 494 1035 condictus
510 991 571 1053 pro
595 967 698 1032 fratre
724 965 886 1050 Gregorio
911 965 1046 1031 Ordinis
1071 965 1184 1032 Predi·

1 1115 2 1162 1
72 1083 206 1143 catorum
222 1079 357 1146 Vioario
372 1076 573 1156 Dalmatico,
588 1081 619 1137 et
636 1074 761 1139 duobus
777 1073 874 1154 socijs
891 1074 1034 1138 eiusdem
1050 1075 1183 1140 Ordinis

1 1164 2 1174 ἵ
73 1185 315 1268 Heremitarum,
330 1183 470 1249 Lectore
486 1181 715 1264 Strigoniensi,
741 1185 773 1244 et
799 1177 903 1244 fratre
928 1179 1054 1246 Jacobo
1070 1181 1184 1246 Priore

73 1292 276 1356 Curmodensi
292 1291 435 1356 eiusdem
462 1290 604 1368 Ordinis,
631 1287 770 1371 Nuncijs
802 1285 1008 1352 Prelatorunr
1033 1297 1066 1352 et
1082 1287 1186 1353 Baro-

73 1421 139 1462 num
155 1399 262 1479 Regni
278 1398 443 1480 Vngarie;
460 1418 499 1462 ac
516 1397 678 1478 Magistro
694 1394 823 1458 Jacobo
849 1394 1030 1476 Capellano
1046 1403 1078 1458 et
1093 1395 1185 1459 lami-

72 1503 137 1570 liari
151 1504 327 1588 Magnifice
344 1505 489 1569 mulieris
506 1501 679 1568 Helisabet
694 1497 841 1580 Vngerio
857 1500 982 1581 Regiae
1007 1501 1050 1565 ad
1066 1501 1185 1566 Roma-

73 1634 139 1676 nam
161 1611 297 1676 Curiam
312 1633 373 1694 pro
389 1611 489 1675 certis
506 1610 625 1674 nostris
641 1615 675 1672 et
689 1607 814 1690 Regino
842 1607 999 1671 consortis
1015 1615 1186 1688 nost1·e‚ac

74 1719 144 1783 dicti
158 1719 266 1800 Regni
283 1720 423 1802 negotijs
440 1715 699 1782 accendentibus.
716 1715 838 1780 Datum
850 1713 993 1797 Neapoli
1018 1714 1058 1782 V.
1069 1716 1184 1798 Martij

76 1825 170 1890 XIII.
185 1825 383 1890 indictionis,

170 1987 206 2047 (A
220 1985 304 2050 »Bag
318 1986 468 2051 Angioini«
483 1987 514 2036 B.
528 1990 571 2036 98.
585 2000 621 2034 cz.
647 1983 714 2050 Reg.
730 1985 829 2036 Karoli
841 1985 876 2034 11.
891 1985 948 2034 not.
966 1985 1077 2034 187lsv.
1089 2001 1096 2048 ;
1109 1999 1136 2033 u.
1149 1987 1186 2048 ο.)

545 2163 703 2173 —---—-·

586 2346 658 2406 175.

76 2501 119 2566 ll.
146 2505 269 2594 Ka'roly
297 2503 561 2591 sicilicr',lcirdly
589 2505 833 2590 mephizotlclcct
852 2505 934 2569 told
962 2505 1190 2571 Szlaoonio'dc.

582 2615 676 2678 1300.

172 2771 337 2855 Scriptum
357 2778 406 2838 est
422 2770 594 2855 Magistris
610 2771 837 2837 Rationalibus
854 2773 977 2855 Magne
1011 2771 1110 2838 Ourie
1126 2773 1191 2838 Ba·

78 2877 132 2940 roli
154 2885 211 2943 etc.
238 2877 323 2944 Cum
339 2886 445 2944 certos
461 2880 594 2944 nuncios
609 2884 740 2944 nostros
756 2879 924 2962 adportes
940 2877 1115 2946 Solanonie
1130 2902 1191 2964 pro

2 3031 3 3060 p
80 2983 258 3064 quibusdam
293 2985 416 3050 nostris
452 2985 599 3067 seruicijs
625 2984 885 3050 ordinauerirnus
910 2987 943 3050 in
968 2987 1115 3068 proximo
1140 2988 1192 3051 de-

79 3087 205 3154 stinare:
221 3091 370 3157 volumus
380 3099 413 3157 et
423 3091 614 3157 mandamus
624 3112 783 3174 expresso,
793 3098 829 3156 vt
845 3093 1018 3158 inueniatis
1035 3101 1067 3158 et
1083 3094 1194 3175 parari

79 3193 196 3262 faciatis
222 3199 385 3262 instanter
409 3197 444 3263 in
469 3197 702 3264 Maniredonia
730 3198 902 3264 vassellum
927 3199 1060 3282 aliquod
1086 3219 1194 3265 necas-

81 3305 188 3368 sariunr
213 3329 274 3390 pro
294 3309 437 3372 transitu
453 3307 614 3373 dictorum
630 3307 823 3372 nunciorum
838 3308 925 3392 illuc,
941 3310 1008 3391 qni,
1023 3313 1057 3374 et
1071 3309 1195 3374 comiti-

3 3433 4 3472 3
80 3428 118 3472 uo
134 3431 250 3494 eorum,
267 3421 363 3480 erunt
379 3437 479 3499 vsquc
495 3414 538 3479 ad
554 3435 723 3480 nnmerum
740 3417 909 3498 sexaginta
925 3416 992 3480 sine
1008 3417 1119 3499 equis3
1135 3437 1194 3479 nec

80 3535 135 3580 non
143 3539 200 3601 pro
213 3518 398 3586 deferendis
409 3544 482 3587 oum
491 3523 605 3587 eodem
616 3522 756 3587 vassello
766 3523 808 3587 ad
820 3523 924 3588 dictas
941 3531 1052 3607 partes
1061 3521 1195 3590 Solano-

80 3623 125 3686 nie
134 3625 285 3692 frumeuti
295 3628 373 3694 boni
384 3637 417 3694 et
426 3630 516 3696 vtilis
535 3630 655 3696 salmas
673 3631 829 3695 ducentas
846 3631 1008 3713 generalis
1024 3651 1193 3711 mensure3

3 3745 5 3752 ’
80 3732 304 3816 quodquidam
320 3735 515 3803 frumentum
532 3739 707 3803 inueniatis
723 3743 754 3800 et
769 3737 886 3801 ematis
900 3759 960 3819 pro
976 3743 1071 3820 parte
1097 3737 1196 3802 (lurie

4 3905 5 3908 Ἴ
81 3833 109 3898 in
122 3837 206 3904 dicta
221 3849 312 3907 terra
326 3841 564 3910 Mauiredonic.
581 3841 634 3910 Ac
650 3843 763 3909 statim
780 3843 866 3927 quod
882 3843 1006 3909 dictum
1022 3844 1196 3909 cassellum

81 3952 222 4024 paratum
238 3950 394 4030 extiterit,
411 3952 533 4016 inmitti
551 3949 681 4016 faciatis
697 3951 730 4015 in
747 3949 822 4029 illo;
838 3950 885 4014 ita
896 3950 982 4032 quod
999 3949 1195 4034 adsequens

82 4054 261 4120 mandatum
278 4063 423 4122 nostrum
441 4057 637 4137 immediato,
655 4057 743 4139 quod
760 4056 841 4121 dicti
857 4057 965 4139 nuncij
983 4059 1087 4120 nostri
1103 4057 1197 4122 Man-

85 4155 252 4228 lredoniam
267 4164 424 4250 venerint,
438 4165 471 4228 in
483 4165 570 4228 dicto
581 4163 720 4230 vassallo
736 4163 900 4246 predictas
910 4163 1066 4227 ducentas
1078 4162 1198 4227 salmas

85 4260 226 4334 frumenti
242 4277 395 4336 oneratas
425 4271 593 4336 inueniant
623 4276 683 4336 eto.
707 4269 833 4335 Datum
864 4269 1006 4353 Neapoli
1053 4269 1197 4335 XXIII.

6 4383 7 4386 ’
86 4370 199 4454 Aprilis
215 4377 321 4444 XIII.
338 4379 535 4445 indictionis.

184 4539 218 4599 (A
232 4540 317 4605 »Beg-
331 4541 482 4607 minim«
497 4542 528 4591 B.
542 4543 584 4593 97.
599 4541 667 4606 aeg.
678 4539 776 4592 Karoli
786 4541 823 4592 11.
837 4543 894 4593 kot.
909 4546 973 4594 222.
987 4542 1021 4606 l.;
1033 4556 1059 4592 u.
1073 4543 1110 4601 ο.)

561 4681 720 4696 Μ
