3174 5236
753 359 989 404 nircounczmr
1005 334 1171 402 suodedit.

935 631 987 692 96.

398 787 446 851 ΙΙ.
458 787 583 874 Ku‘roly
593 789 721 854 sicilici
737 788 848 873 kirtly
859 813 897 852 cz
910 789 1018 872 Anjon
1035 789 1094 851 luiz
1110 787 1301 852 erdeker'nek
1309 787 1505 873 fenntcrtdra

457 897 552 981 oe‘qett
568 897 932 982 mephatalmczottakat
948 897 1030 960 kald
1048 896 1357 982 Mapyarorsza‘pta.
1377 895 1462 959 1291.

507 1071 655 1137 Karolus
679 1071 848 1138 Secundus
873 1073 935 1137 Dei
952 1073 1056 1154 gratia
1085 1072 1157 1138 Rex
1182 1071 1379 1153 Jerusalem,
1409 1071 1510 1150 Sicilie,

401 1178 551 1244 Ducatus
569 1177 689 1264 Apulis
715 1187 749 1245 et
766 1180 975 1263 Principatus
993 1177 1112 1262 Capue,
1131 1179 1307 1244 Prouincie
1324 1185 1359 1243 et
1374 1178 1510 1244 Forchal-

401 1286 506 1369 querij
525 1281 651 1366 Comes,
675 1294 708 1351 et
724 1287 835 1352 Maria
852 1287 1027 1352 eorundem
1044 1287 1237 1370 Regnorum
1255 1292 1287 1350 et
1302 1284 1442 1369 Vngarie
1456 1286 1511 1350 Re·

401 1393 478 1474 gina
494 1399 670 1474 consortes
680 1395 855 1460 venerabili
872 1395 904 1458 in
922 1393 1057 1459 Christo
1073 1395 1158 1476 patri
1176 1393 1306 1458 domino
1331 1443 1338 1457 .
1363 1443 1369 1458 .
1393 1392 1513 1458 .eadem

403 1501 511 1581 gratia
527 1499 690 1584 Episcopo
708 1501 882 1584 Ogentino,
898 1500 1010 1566 Judici
1027 1501 1131 1564 Leoni
1157 1498 1197 1564 de
1213 1499 1238 1563 J
1239 1499 1394 1564 uuenatio
1409 1504 1439 1562 et
1451 1499 1512 1564 Ma·

402 1607 505 1688 gistro
523 1606 690 1690 Hugolino
708 1609 746 1673 de
762 1610 862 1691 Luca,
878 1609 1005 1674 dilectis
1031 1617 1063 1673 et
1088 1609 1216 1672 deuotis
1241 1607 1309 1672 suis
1342 1607 1514 1672 salutemet

404 1713 611 1779 dilectionem
636 1717 804 1780 sinceram.
830 1715 881 1780 De
906 1722 1015 1780 vestre
1040 1713 1113 1797 fide,
1144 1713 1320 1797 prudentia
1336 1721 1368 1779 et
1385 1719 1514 1797 experta

405 1819 590 1884 constantia
605 1822 735 1904 plenam
750 1820 902 1886 fiduciam
933 1821 1126 1902 obtinentes,
1153 1820 1382 1885 constituimus
1398 1829 1428 1884 et
1442 1818 1515 1884 ordi·

406 1947 522 1990 namus
538 1947 595 1990 vos
613 1945 723 1992 omnes
740 1934 772 1991 et
804 1934 947 1992 vestrum
973 1928 1151 2011 quemlibet
1167 1928 1200 1991 in
1217 1926 1365 2006 solidum,
1381 1927 1427 1990 ita
1441 1923 1516 2009 quod

406 2055 471 2098 non
490 2034 533 2098 sit
548 2034 663 2098 melior
679 2034 821 2098 conditio
838 2036 1036 2118 occupantis,
1063 2043 1193 2100 nostros
1210 2056 1305 2100 veros
1322 2042 1356 2100 et
1372 2034 1517 2117 legitimos

372 2169 378 2182 ·
403 2147 635 2222 procuratores
652 2148 684 2205 et
699 2143 834 2208 nuncios
852 2143 1011 2224 speciales
1022 2143 1064 2208 ad
1081 2142 1221 2208 eundum
1237 2143 1280 2206 ad
1297 2147 1409 2225 partes
1423 2138 1516 2222 Regni

404 2248 509 2312 nostri
524 2245 681 2331 Vngarie,
698 2249 881 2331 petendum,
898 2250 1127 2330 requirendum
1145 2255 1178 2314 et
1193 2247 1416 2331 recipiendum
1431 2244 1518 2309 nomi·

405 2373 447 2417 ne
463 2359 496 2418 et
511 2375 570 2436 pro
588 2362 683 2436 parte
707 2362 823 2420 nostra
849 2356 999 2439 homagia
1026 2363 1057 2420 et
1083 2361 1289 2420 sacramenta
1305 2353 1469 2421 fidelitatis
1483 2350 1518 2416 ab

407 2460 591 2526 hominibus
607 2461 687 2526 dicti
702 2461 810 2544 Regni
826 2463 930 2527 nostri
951 2463 1094 2545 Vngarie
1119 2462 1271 2527 fidelibus
1289 2462 1412 2528 uostris
1428 2460 1519 2527 cuius-

407 2587 533 2649 cunque
551 2571 668 2648 statuS,
685 2567 856 2650 dignitatis
888 2577 945 2633 aut
977 2569 1176 2634 conditionis
1203 2569 1362 2650 existant3
1387 2590 1456 2634 cum
1471 2583 1520 2649 per

409 2673 536 2737 obitum
552 2674 640 2738 clare
656 2676 810 2739 memorie
845 2675 965 2740 domiui
996 2675 1136 2741 Latislai
1168 2677 1246 2741 olim
1263 2675 1364 2759 Regis
1379 2671 1521 2756 Vngcrie,

408 2778 575 2860 nostrique
592 2801 692 2862 supra
707 2779 832 2862 Regine
849 2783 1004 2864 germani,
1020 2781 1170 2865 Regnum
1202 2783 1308 2866 ipsum
1326 2780 1369 2846 ad
1386 2802 1443 2845 nos
1457 2787 1517 2844 tan·

412 2905 510 2966 quam
527 2885 569 2950 ad
585 2886 817 2968 proximiorem
833 2887 938 2970 gradu
953 2910 1057 2971 nuper
1073 2891 1115 2953 sit
1141 2888 1387 2954 rationalibiter
1404 2885 1520 2951 deuolu-

408 2997 486 3072 tum,
502 3001 603 3074 prout
619 2995 653 3057 in
668 2996 906 3077 procuratorijs
925 2997 984 3060 sub
1003 2996 1119 3078 sigillis
1137 2997 1260 3060 nostris
1287 2994 1366 3060 inde
1383 2990 1522 3059 conlectis

407 3097 533 3180 plenius
552 3101 744 3166 continetur.
770 3100 893 3166 Verum
911 3102 937 3164 si
964 3103 1141 3186 contingat,
1167 3101 1255 3184 quod
1283 3101 1419 3184 Prelati,
1432 3087 1521 3164 Bem-

406 3227 476 3284 nes,
492 3205 615 3270 nobiles
632 3212 663 3271 et
679 3207 735 3289 alij
754 3207 835 3271 dicti
850 3207 959 3290 Regni
977 3207 1162 3274 huiusmodi
1178 3209 1335 3291 homagia
1351 3213 1386 3272 et
1400 3205 1521 3272 fidelita-

409 3311 451 3373 tis
468 3320 671 3377 sacramonta
688 3315 778 3378 vobis
793 3317 922 3378 nomine
940 3323 971 3379 et
987 3337 1047 3398 pro
1073 3323 1167 3399 parte
1200 3320 1316 3380 nostra
1331 3317 1521 3398 prestentvt

412 3423 564 3482 tenentur
580 3425 612 3483 et
630 3418 758 3499 debent,
775 3422 862 3502 quod
880 3421 1099 3486 verisimiliter
1130 3421 1301 3504 credimus
1318 3429 1351 3485 et
1367 3423 1472 3486 iunate
1486 3418 1523 3482 di-

412 3524 562 3589 lectionis
579 3526 705 3605 ardore,
723 3548 818 3608 quem
835 3528 898 3610 ipsi
914 3549 1023 3593 omnes
1039 3529 1080 3594 ad
1097 3549 1157 3593 nos
1183 3528 1347 3612 prefatam
1365 3529 1521 3614 Reginam,

410 3653 472 3714 que
490 3629 529 3696 de
546 3640 636 3696 recta
653 3655 762 3697 sumus
777 3633 896 3717 Regali
913 3635 1008 3716 linea,
1024 3636 1146 3700 habent
1163 3643 1195 3700 et
1210 3637 1335 3702 habore
1347 3641 1523 3721 sperantur:

409 3737 555 3802 volumus
571 3738 727 3820 vobisque
746 3743 981 3806 committimus
997 3748 1031 3806 et
1056 3743 1257 3818 mandamus,
1283 3751 1317 3808 vt
1343 3745 1378 3809 in
1405 3740 1525 3807 admini-

409 3845 577 3922 stratione,
588 3845 743 3925 regimine
756 3852 789 3910 et
799 3846 1034 3929 gubernatione
1046 3848 1187 3930 predicti
1197 3849 1458 3933 RegniVngarie
1468 3866 1524 3931 per·

410 3950 542 4032 sistatis,
560 3972 729 4033 quousque
755 3973 812 4034 per
837 3975 904 4034 nos,
929 3963 984 4018 aut
1012 3955 1176 4020 Karalum
1201 3956 1456 4038 primogenitum
1479 3973 1523 4018 no·

410 4064 523 4138 strum,
540 4060 596 4140 qui
611 4057 678 4124 illis
694 4060 829 4124 vicinior
861 4068 918 4140 est,
944 4062 987 4126 ad
1011 4084 1144 4146 presens
1170 4085 1268 4146 super
1295 4063 1357 4130 bec
1383 4064 1475 4130 aliter
1490 4060 1524 4125 sit

410 4164 587 4243 prouisum.
620 4164 690 4228 Nos
722 4168 806 4231 enim
838 4168 1097 4248 administrandi,
1122 4169 1258 4252 regendi
1274 4176 1306 4234 et
1333 4165 1523 4255 gubernandi

412 4271 541 4333 nomine
558 4276 591 4334 et
606 4292 665 4353 pro
682 4279 774 4354 parta
807 4280 917 4338 nostra
933 4276 965 4338 in
982 4275 1097 4358 Regno
1115 4276 1265 4358 predicto
1294 4276 1425 4358 plenem
1452 4272 1525 4338 vobis
1580 4243 1583 4372 l

410 4375 611 4439 concedimus
629 4380 828 4443 auctoritato
844 4383 1037 4462 presentium
1071 4387 1290 4465 potestatem,
1324 4385 1383 4463 sic,
1399 4391 1432 4450 vt
1448 4381 1524 4446 robis
1581 4379 1583 4442 l

407 4477 441 4538 in
458 4479 604 4561 solidum,
621 4483 669 4545 ita
684 4484 771 4564 quod
788 4507 852 4549 non
870 4488 912 4550 sit
937 4487 1050 4552 melior
1082 4492 1277 4572 occupantis
1294 4492 1447 4576 intentio,
1462 4507 1522 4573 pro·
1581 4523 1583 4570 3
