3170 5234
439 347 503 408 236
801 368 1033 416 6666666661
1049 355 1214 416 61166666.

438 524 757 605 66161616616166
780 527 904 592 tarenis
928 529 1043 610 viginti
1069 527 1204 594 duobus.
1235 527 1397 594 Scutellas
1422 530 1554 612 quinque

437 635 470 694 et
492 630 614 714 justam
639 653 735 698 16661
759 633 800 698 16
824 639 960 718 argento
984 634 1138 719 ponderis
1156 634 1315 700 librarum
1332 637 1442 702 decem
1458 635 1556 702 16616

437 757 509 802 166
535 760 589 804 sex
615 745 648 804 et
672 747 861 808 tarenorum
876 742 1025 808 16166161
1050 763 1110 825 616
1135 743 1236 808 166116
1259 743 1417 810 tredecim
1440 743 1556 810 tarenis

437 843 553 926 viginti
584 852 618 912 et
648 849 759 929 granis
789 849 955 916 tredecim.
1002 849 1089 915 Item
1120 848 1226 916 Paulo
1259 849 1399 917 Gerardi
1431 849 1470 914 de
1490 850 1554 918 Ve-

438 953 534 1018 661116
558 975 620 1037 661
645 976 741 1022 vnum
768 957 808 1022 de
823 963 1033 1040 paternostro
1050 956 1090 1023 de
1107 965 1219 1024 zoeota
1234 979 1307 1023 oum
1322 958 1423 1041 perlis
1440 961 1557 1041 grossis

439 1067 562 1142 septem
586 1061 689 1128 decim
713 1083 775 1147 pro
799 1065 901 1130 166116
926 1071 1018 1146 octo;
1041 1086 1214 1150 parinum
1236 1065 1276 1130 16
1293 1071 1501 1149 paternostro
1517 1065 1555 1130 de

440 1174 552 1234 666616
569 1191 640 1236 666
657 1171 758 1255 perlis
774 1173 898 1256 grossis
908 1172 1081 1241 duodecim
1090 1194 1150 1257 pro
1160 1174 1261 1240 166116
1272 1194 1335 1240 sex.
1351 1169 1555 1238 Camucleum

438 1298 535 1343 vnum
552 1299 622 1344 cum
639 1301 702 1346 166
720 1282 812 1348 16666
828 1282 988 1348 munitum
1004 1283 1045 1348 de
1061 1287 1200 1366 argento
1217 1303 1276 1366 pro
1286 1282 1461 1348 vnciavna
1476 1278 1560 1365 Nep

438 1408 497 1470 pos
513 1387 553 1453 de
570 1397 708 1474 argento
724 1392 840 1475 viginti
858 1396 1007 1474 6661661,
1021 1391 1108 1456 16161
1126 1412 1208 1473 6666
1226 1395 1372 1456 6611666
1390 1390 1560 1456 1666161116

439 1517 511 1561 cum
536 1497 656 1564 smalto
671 1519 734 1564 166
751 1498 901 1565 1616616
918 1500 960 1566 61
978 1520 1071 1565 6166
1086 1498 1189 1583 Regis
1206 1504 1238 1564 61
1254 1499 1340 1565 11616
1356 1499 1483 1563 domine
1499 1496 1560 1562 Be·

443 1603 518 1685 gine
534 1605 689 1687 ponderis
707 1605 866 1672 librarum
884 1606 1115 1690 septemdecim
1131 1606 1298 1672 unciarum
1313 1605 1426 1672 decem
1441 1611 1562 1670 tareno

442 1733 514 1776 rum
531 1719 655 1795 septem
671 1719 705 1780 et
721 1734 897 1798 granorum
914 1715 1033 1780 decem.
1059 1712 1224 1780 Scutellas
1240 1712 1280 1780 de
1296 1718 1435 1798 argento
1451 1712 1562 1778 duode-

441 1820 504 1884 cim
527 1820 681 1903 ponderis
706 1821 864 1888 librarum
889 1822 1036 1888 vndecim
1060 1823 1227 1887 16616166
1253 1821 1382 1902 166661;
1407 1829 1440 1887 61
1461 1823 1561 1905 justos

442 1927 482 1991 de
498 1935 633 2012 argento
651 1937 791 2012 quatuor
806 1931 960 2014 ponderis
975 1929 1136 1995 librarum
1152 1929 1322 1994 duodecim
1338 1929 1561 1996 1661616616

444 2056 513 2100 666
529 2042 562 2101 61
577 2042 766 2104 1616661616
776 2038 963 2105 octodecim
979 2035 1076 2121 Quod
1092 2042 1198 2103 totum
1207 2037 1391 2120 predictum
1401 2043 1562 2121 argentum

443 2150 494 2209 est
518 2145 553 2208 in
578 2143 722 2227 pondere
738 2145 822 2211 libre
837 2145 1058 2230 quadraginta
1074 2145 1137 2209 due
1154 2144 1245 2209 16616
1262 2163 1319 2212 sex
1332 2144 1442 2209 tareni
1457 2143 1561 2226 viginti

442 2273 498 2317 sex
525 2273 629 2333 grana
644 2252 754 2318 decem
769 2273 829 2337 pro
845 2252 946 2319 166116
963 2252 1203 2337 quinquaginta
1219 2252 1362 2336 quinque
1377 2251 1503 2317 tarenis
1517 2249 1562 2315 de·

443 2380 512 2422 cem
539 2360 649 2442 granis
676 2381 732 2424 sex
756 2365 790 2426 et
813 2358 930 2426 medio.
970 2361 1056 2425 Item
1071 2359 1234 2442 recepisse
1248 2381 1312 2426 166
1327 2381 1401 2424 cum
1417 2357 1561 2442 predictis

442 2466 606 2549 66661616
622 2466 786 2551 Magistro
803 2466 903 2533 Petro
920 2473 953 2532 et
970 2466 1137 2551 quondam
1152 2466 1317 2550 Magistro
1334 2467 1511 2533 Francisco
1525 2464 1558 2528 de

443 2569 566 2656 Capua,
585 2582 618 2639 et
633 2575 732 2640 etiam
748 2589 807 2658 per
825 2596 860 2639 se
876 2574 990 2657 solum,
1006 2581 1040 2639 61
1050 2573 1235 2640 vendidisse
1246 2572 1397 2656 predicto
1407 2570 1559 2638 Bartholo

444 2680 562 2765 Squeri
587 2681 758 2747 culcitram
774 2702 870 2748 1666
886 2687 919 2746 61
939 2681 1150 2747 taverseriam
1165 2681 1296 2764 plenam
1311 2680 1425 2764 pluma
1439 2700 1498 2764 pro
1515 2697 1560 2744 16-

444 2789 502 2854 ciis
527 2789 646 2854 decem.
680 2789 838 2874 Mappam
864 2811 957 2856 onam
974 2790 1015 2855 de
1032 2810 1131 2872 opere
1147 2788 1298 2855 Pisanum
1313 2809 1374 2872 pro
1391 2790 1559 2854 16616166

443 2896 583 2962 Dossale
607 2919 704 2963 16661
720 2897 760 2962 16
776 2898 962 2964 6616616116
978 2897 1100 2963 661616
1117 2895 1301 2962 1616161616
1318 2917 1392 2962 666
1406 2894 1558 2963 imbardu-

442 3010 519 3070 tura
544 3004 587 3070 ad
612 3026 704 3072 6166
730 3004 857 3070 domine
883 3004 1008 3087 Regina
1033 3025 1104 3087 pro,
1118 3005 1219 3069 unciis
1247 3003 1374 3068 duabus
1401 3009 1433 3069 61
1449 2998 1558 3068 tarenis

444 3113 637 3196 quindecim.
672 3110 846 3178 Ourtinam
872 3133 969 3177 16616
994 3112 1034 3178 16
1050 3111 1119 3178 1616
1135 3110 1230 3177 viridi
1246 3111 1287 3176 de
1304 3131 1403 3194 opere
1420 3109 1560 3178 Venetia·

444 3243 516 3285 rum
531 3221 771 3304 vinguettatam
788 3241 849 3304 pro
866 3221 990 3286 tarenis
1006 3220 1125 3286 decem.
1149 3219 1558 3302 Β66661616661666666

446 3328 550 3393 serico
566 3327 606 3392 de
623 3327 790 3394 Barbaria
807 3329 982 3410 616166116
999 3333 1150 3411 6661661.
1167 3327 1284 3393 Ρ61166
1302 3333 1444 3411 quatuor
1457 3325 1558 3392 161616

444 3435 601 3501 Ramensi
627 3433 842 3517 longitudinis
868 3456 1047 3502 cannarum
1071 3433 1186 3518 viginti
1217 3440 1361 3520 66611161
1386 3455 1446 3519 616
1472 3432 1557 3498 166116

446 3550 587 3625 6661661
611 3544 733 3608 1616616
759 3543 874 3626 viginti
901 3549 1052 3626 quatuor.
1084 3543 1137 3609 De
1165 3542 1305 3609 cendato
1330 3543 1425 3608 viridi
1455 3559 1558 3608 666666

446 3651 588 3735 6616666
613 3672 673 3734 616
698 3652 823 3720 1616616
839 3651 1027 3718 6616166116.
1051 3650 1103 3717 Ι)6
1121 3650 1305 3718 6616616116
1321 3650 1426 3716 rubeo
1442 3666 1558 3717 666666

446 3759 586 3823 661166
610 3780 670 3840 616
695 3760 818 3825 1616616
844 3758 964 3824 decem.
1002 3757 1130 3824 Petiam
1156 3779 1252 3825 unam
1268 3757 1435 3841 1666666
1451 3757 1557 3839 virgata

447 3864 658 3932 ultramarino
684 3867 725 3932 de
750 3873 822 3932 6616
846 3867 1046 3950 6161616616
1063 3865 1252 3950 661616616.
1276 3864 1408 3930 Ρ61166
1424 3860 1556 3930 166616

447 3970 552 4039 burdo
577 3973 790 4039 ultramarino
814 3974 944 4057 uirgato
962 3994 1023 4057 pro
1039 3974 1164 4040 tarenis
1182 3972 1375 4058 quindecim.
1417 3969 1554 4040 Cultellos

449 4081 532 4146 duos
557 4081 700 4147 serratos
725 4103 797 4147 cum
823 4082 959 4147 manicis
985 4080 1026 4146 de
1052 4082 1150 4147 ebore
1175 4102 1235 4164 pro
1256 4081 1382 4146 tarenis
1398 4077 1555 4148 duodecim.

447 4185 607 4252 Camisias
623 4195 690 4254 tres
707 4189 747 4254 16
763 4190 830 4254 1616
843 4189 932 4254 linea
941 4189 1096 4255 Remensi
1112 4211 1173 4273 pro
1190 4188 1314 4254 tarenis
1324 4209 1449 4254 novem.
1464 4183 1555 4252 Petico

448 4301 591 4377 quatuor
617 4298 872 4362 coverteriorum
897 4296 937 4360 de
962 4296 1101 4363 bonbice
1116 4319 1177 4380 pro
1193 4296 1287 4362 uncia
1303 4317 1376 4360 166.
1415 4292 1552 4361 Tobaloas

448 4403 531 4468 1666
556 4403 596 4468 16
621 4411 691 4470 6616
715 4405 793 4470 alba
816 4424 875 4486 pro
902 4404 1074 4470 16616166
1091 4405 1263 4470 611616616
1280 4423 1345 4468 sen
1386 4401 1439 4469 De
1454 4400 1550 4467 1611616

448 4509 843 4576 661616666666116661
866 4511 1011 4592 palmum
1036 4532 1133 4578 vnum
1157 4532 1217 4600 pro
1236 4510 1341 4576 unciis
1359 4509 1487 4577 duabus
1513 4502 1550 4568 uo
