3222 5240
668 273 763 334 1335.
1218 277 1281 338 341
1332 255 1333 258 ‘

149 467 221 511 sens
236 448 492 514 instrumentum
509 453 599 512 carte
625 451 656 512 in
685 469 742 513 suo
762 450 879 514 robore
896 457 1091 532 perseveret.
1126 450 1285 534 1166661-

149 554 222 620 dem
239 557 349 622 omnia
365 562 398 621 et
414 555 543 639 singula
558 557 712 623 Marinus
729 555 879 640 Philippi
895 559 935 623 de
951 555 1207 641 061666,11(16116
1231 559 1286 626 do·

151 662 231 726 mini
246 661 350 748 Regis
367 663 493 746 Rescie,
509 663 696 746 legiptimus
714 671 919 748 procurator,
935 672 1036 744 actor,
1054 665 1169 744 166166,
1186 667 1285 732 616611-
1332 663 1334 668 ’

148 790 206 834 cns
222 775 256 834 et
271 772 407 836 nuncius
424 770 575 854 specialis
586 770 629 835 ad
644 771 859 854 probandum,
869 771 1100 837 ratificandum
1116 771 1284 840 nobilibus

150 878 324 943 viris...
354 876 575 960 provisoribus
601 875 786 944 Communis
796 877 1020 961 Venetiarum,
1050 881 1285 965 recipientibus

149 989 220 1052 vice
252 992 287 1051 et
317 987 446 1051 nomine
472 983 661 1051 Communis
691 986 832 1069 predicti
849 985 1075 1072 Venetiarum,
1092 987 1286 1076 (promitt't)
1347 1027 1349 1032 ·

150 1093 322 1160 attendere
339 1098 372 1159 et
387 1094 569 1177 observare,
585 1099 617 1158 61
632 1114 697 1159 666
714 1094 939 1160 contrafacere
964 1097 1014 1161 vel
1028 1096 1138 1162 venire
1154 1098 1194 1162 (16
1211 1099 1280 1164 iure

150 1203 201 1266 vel
218 1201 259 1265 de
275 1199 372 1282 facto,
388 1200 448 1266 sub
464 1222 549 1285 pena
565 1202 648 1266 etin
663 1223 748 1284 pena
773 1223 1005 1286 yperperorum
1037 1203 1125 1269 mille
1142 1204 1174 1268 16
1189 1205 1285 1271 bouis

153 1316 186 1374 et
203 1309 245 1374 de
261 1307 356 1374 bonis
372 1308 452 1373 dicti
469 1308 591 1375 domini
607 1308 710 1392 Regis
726 1309 855 1374 Rasoie.

259 1415 302 1480 In
317 1416 445 1480 nomine
462 1413 589 1481 Christi
615 1413 733 1482 Amen.
757 1413 857 1481 Anno
883 1417 1017 1482 Domini
1033 1417 1205 1484 millesimo
1220 1424 1284 1484 tre·

150 1524 329 1590 centesimo
344 1523 514 1606 trigesimo
531 1525 655 1610 quinto,
672 1525 725 1590 die
741 1523 847 1590 XIX.
863 1523 1065 1604 Decembris,
1075 1533 1174 1608 pacta
1184 1526 1285 1592 16166-

150 1634 276 1716 scripta
292 1630 423 1698 fuerunt
440 1633 632 1700 confirmata
647 1635 681 1698 in
697 1632 845 1699 Consilio
862 1632 1078 1718 Rogatorum,
1096 1655 1159 1715 que
1174 1635 1283 1718 prori-

151 1741 228 1806 dere
254 1747 364 1824 posset
380 1740 572 1809 Dominatio
598 1742 632 1805 in
657 1740 901 1807 subventionem
926 1742 1061 1825 dampni
1086 1743 1147 1806 viri
1163 1742 1284 1807 nobilis

151 1849 292 1935 Nicolay
317 1849 445 1928 Brioso,
463 1849 506 1916 ad
537 1870 600 1932 que
632 1853 865 1914 contentantur
896 1850 1046 1932 inscripti
1079 1857 1284 1930 mercatorne,

152 1958 210 2040 qui
251 1956 401 2023 solebant
440 1955 489 2022 ire
520 1964 554 2021 61
585 1955 766 2022 conducere
798 1978 850 2022 res
882 1962 918 2022 61
949 1957 1167 2023 mercationes
1209 1980 1284 2025 suas

150 2065 279 2145 Catari,
306 2072 339 2129 et
368 2064 415 2129 ibi
445 2063 554 2131 166666
579 2063 667 2130 16616
691 2085 760 2146 sna,
784 2065 840 2129 sed
856 2061 924 2149 [per
949 2064 1141 2130 scricturam
1158 2064 1283 2130 factam

89 2198 92 2202 ·
152 2180 269 2240 contra
285 2171 469 2254 Catarinos,
486 2193 550 2256 que
566 2173 735 2257 potissime
760 2173 854 2238 firma
870 2179 1027 2254 remanet,
1042 2178 1179 2256 propter
1195 2173 1284 2238 (1666-

150 2305 229 2348 num
246 2284 432 2367 predictum
448 2291 615 2367 nequeunt
631 2305 704 2350 cmn
728 2285 878 2367 personis
895 2304 955 2348 nec
971 2283 1135 2348 mercibus
1152 2283 1219 2348 suis
1235 2283 1282 2347 ire

150 2392 195 2456 ad
212 2393 336 2458 dictum
365 2392 480 2473 locum,
506 2415 566 2457 666
591 2415 612 2457 6
642 2391 808 2458 Catarinis
825 2392 892 2456 suis
909 2391 1115 2457 debitoribus
1132 2398 1283 2457 excutere

148 2499 288 2566 multam
321 2501 492 2583 pecuniam
524 2501 557 2564 in
588 2522 681 2564 suum
712 2499 927 2584 preiudieium
953 2505 986 2564 et
1002 2520 1187 2582 gravamen,
1203 2507 1235 2566 et
1251 2501 1285 2566 in

149 2607 329 2692 dampnum
355 2609 454 2673 etiam
482 2607 671 2673 Communis
699 2614 738 2671 et
769 2607 960 2690 specialium
995 2628 1211 2691 personarum
1245 2607 1284 2672 de

149 2715 298 2783 Ciuitate
313 2716 388 2784 ista.
399 2715 489 2782 Nam
501 2721 737 2796 contentamur,
749 2715 838 2797 quod
854 2715 895 2780 de
906 2715 1054 2799 qualibet
1070 2716 1163 2800 pecie
1179 2715 1282 2799 panni

147 2847 262 2908 quam,
275 2825 392 2891 amodo
417 2825 558 2892 vendent
585 2846 640 2890 seu
665 2825 761 2890 vendi
786 2823 910 2889 facient
935 2824 969 2888 in
995 2823 1128 2906 Cataro,
1145 2823 1283 2907 quilibet

146 2939 365 2998 mercatorum
390 2933 431 2997 (16
458 2933 611 3000 Veneciis
637 2954 697 3016 per
723 2937 962 2998 sacramentum
988 2930 1158 2996 astrictum
1173 2938 1285 2996 tenea-

147 3047 205 3105 tur
232 3046 265 3106 et
280 3041 400 3106 debeat
417 3046 569 3106 excutere
596 3040 638 3106 ab
665 3045 808 3124 emptore
823 3060 973 3123 grossum
998 3060 1098 3104 unum
1115 3036 1280 3105 Venatum

147 3155 183 3213 61
198 3149 239 3214 (16
265 3147 411 3232 qualibet
436 3147 502 3214 6116
527 3148 734 3227 mercatione,
760 3169 857 3231 qumi
881 3147 1019 3213 vendere
1045 3167 1102 3212 seu
1127 3146 1221 3212 vendi
1237 3143 1284 3210 16-

149 3257 281 3320 cientin
296 3255 369 3320 1666
386 3255 547 3338 predicte,
562 3259 715 3320 16666166
731 3257 874 3338 ipsorum
891 3254 1031 3338 quilibet
1047 3255 1106 3320 sub
1124 3252 1211 3319 dicto
1227 3253 1282 3318 (16-

148 3365 221 3429 bito
247 3365 442 3429 sacramenti
468 3369 620 3428 excutere
645 3361 794 3428 similiter
821 3361 863 3426 ab
880 3369 1024 3445 emptore
1040 3360 1209 3427 dimidiam
1225 3383 1284 3445 pro

148 3471 178 3537 O
213 3471 253 3536 de
278 3471 389 3538 valore
415 3471 502 3537 dicte
528 3469 738 3536 mercationis
761 3467 867 3534 iufrra
890 3467 962 3537 XV
989 3469 1077 3550 dies3
1103 3475 1136 3535 et
1155 3469 1181 3535 si
1198 3469 1286 3534 iufra

150 3579 240 3644 dicto
266 3587 411 3664 tempore
435 3602 501 3645 non
527 3579 573 3644 616
603 3589 772 3644 excussum
788 3577 890 3643 166611
906 3577 957 3644 vel
975 3577 1118 3658 solverit,
1135 3583 1286 3642 teneatur

148 3687 192 3751 de
220 3688 322 3754 bursa
349 3711 407 3754 666
433 3688 569 3772 propria
587 3693 784 3753 mercatores
801 3688 906 3753 nostri
923 3686 1081 3752 habentes
1096 3685 1283 3750 huiusmodi

148 3797 276 3862 solvere
302 3797 392 3863 illud.
419 3797 505 3863 Item
523 3797 609 3881 quod
626 3797 779 3865 denarios
796 3797 892 3863 modo
908 3797 1056 3881 predicto
1073 3815 1223 3860 excussos
1241 3792 1282 3857 ab

148 3911 296 3988 emptore
321 3904 372 3969 vel
399 3905 439 3969 de
466 3905 565 3971 bursa
590 3905 726 3990 propria
752 3910 972 3970 mercatorum
1000 3904 1048 3969 sio
1074 3905 1226 3968 excutere
1243 3901 1284 3966 ab

146 4019 275 4080 emtore
302 4035 367 4078 non
393 4021 572 4097 curassent,
599 4018 775 4078 teneantur
804 4017 1003 4078 mercatores
1032 4009 1162 4090 Veneti,
1188 4009 1285 4074 iactis

147 4121 390 4188 venditionibus
417 4144 598 4205 pannorum
624 4123 674 4187 vel
699 4123 839 4188 aliarum
859 4122 1093 4187 mercationum
1110 4119 1145 4184 in
1162 4118 1285 4184 Cataro

150 4231 277 4297 solvere
296 4237 329 4296 et
346 4230 540 4314 consignare
557 4231 693 4297 Consuli
709 4228 922 4311 Venetorum,
939 4230 994 4312 qui
1020 4227 1078 4292 fiet
1093 4226 1225 4306 ibidem,
1241 4248 1287 4292 se-

149 4339 292 4405 cundum
313 4338 402 4422 quod
417 4361 488 4405 mos
506 4347 556 4407 est
572 4339 641 4404 fieri
668 4339 701 4402 in
730 4338 829 4403 terris
845 4338 927 4420 aliis,
942 4338 976 4402 in
995 4335 1113 4418 quibus
1130 4341 1287 4400 mercato·

151 4469 206 4514 res
223 4445 344 4516 Veneti
372 4455 615 4515 conservantur.
639 4447 725 4512 Item
753 4447 840 4531 quod
865 4441 999 4526 Consul,
1015 4444 1163 4531 prel'acto
1180 4466 1287 4513 sacra-
