3244 5236
560 641 633 703 342.

51 803 76 862 A
99 800 247 864 odenczei
272 800 430 886 kormduy
462 825 483 864 a
509 797 595 865 azerb
620 799 733 886 kirtly
757 800 885 886 fdidjc'n
911 800 1165 885 meykdrosodott

268 906 515 976 bereskeddiaek
540 907 691 993 alcysone
707 929 819 972 azeraz.
837 911 932 974 1336.

147 1064 248 1132 Anno
274 1064 408 1132 Domini
433 1064 489 1130 ΜΙΙ
505 1063 609 1133 000ο
635 1065 820 1138 XXXVI⁰
846 1067 899 1134 die
916 1064 1015 1136 XIV.
1030 1067 1170 1133 Novem-

8 1259 9 1262 *
49 1175 116 1254 bris,
132 1175 246 1256 quinte
273 1174 467 1241 indictionis.
495 1173 592 1260 Quod
618 1176 805 1241 occassione
831 1177 942 1241 damni
967 1175 1042 1241 fasti
1068 1175 1168 1243 nobili

49 1265 110 1330 viro
135 1261 278 1330 Nicolao
296 1263 453 1331 Bruiosso
469 1285 529 1348 per
545 1263 691 1331 subditos
708 1266 830 1330 domini
845 1266 947 1350 Regis
962 1265 1067 1331 Raxie
1085 1265 1170 1330 ordi·

9 1411 10 1414 =
50 1379 155 1437 natum
166 1369 265 1439 fuerit
276 1377 381 1439 certus
392 1374 505 1440 modus
516 1375 639 1439 servari
658 1372 795 1440 infacto
812 1373 1049 1441 satisfactionis
1065 1374 1169 1458 ipsius

48 1480 76 1544 in
100 1482 261 1566 exigendo
278 1504 298 1548 a
313 1479 551 1546 mercatoribus
568 1482 756 1565 peccuniam
773 1481 968 1562 ordinatam,
984 1482 1039 1566 qui
1055 1481 1170 1548 modus

49 1594 109 1654 est:
125 1587 223 1674 Quod
249 1587 289 1653 dc
314 1589 463 1674 qualibet
478 1590 570 1673 pecia
586 1589 686 1673 panni
700 1595 827 1673 emptor
843 1589 949 1655 solvat
964 1609 1064 1654 unum
1080 1610 1170 1673 gros·

48 1718 119 1778 snm,
129 1701 164 1762 et
175 1697 215 1762 de
226 1697 299 1762 aliis
310 1696 563 1763 mercationibus
574 1697 715 1763 mediam
724 1718 784 1781 pro
801 1697 1005 1778 centenario;
1023 1717 1086 1780 que
1102 1697 1169 1781 qui-

41 1804 113 1871 dem
138 1806 268 1888 solutio,
293 1807 320 1870 si
346 1806 430 1871 infra
454 1803 526 1874 XV
552 1806 623 1872 dies
648 1805 736 1872 facta
761 1826 825 1872 uon
840 1804 941 1872 fuerit
956 1813 1033 1891 post
1048 1805 1169 1873 factam

45 1915 267 1997 uenditionem,
283 1915 432 1982 venditor
449 1937 520 1980 eam
543 1915 582 1981 de
599 1935 656 1982 suo
672 1917 807 2000 proprio
823 1913 909 1981 infra
924 1913 1046 1980 dictum
1063 1916 1170 1981 termi-

45 2043 115 2087 num
141 2022 252 2089 facere
276 2030 437 2104 teneatur,
462 2044 520 2108 per
545 2044 640 2107 quem
665 2023 805 2105 modum,
829 2029 866 2087 ut
891 2022 971 2088 dicit
995 2023 1101 2088 dictus
1118 2044 1169 2088 ser·

45 2125 208 2213 Nicolaue,
233 2131 276 2196 ad
302 2131 426 2196 nullam
451 2151 592 2216 unusque
617 2131 725 2215 potuit
748 2129 1002 2198 satisfactionem
1027 2129 1169 2196 debitam

45 2241 230 2320 pervenire;
246 2244 380 2324 propter
400 2239 487 2321 quod
506 2239 591 2322 petit
605 2244 754 2305 nostrum
770 2239 927 2304 auxilium
943 2244 976 2304 et
991 2238 1170 2306 remedium

46 2345 154 2413 taliter
181 2347 355 2430 interponi,
380 2346 467 2431 quod
492 2348 562 2431 ipse
582 2367 674 2412 suam
691 2346 944 2414 satisfactionem
961 2347 1103 2431 recipere
1119 2369 1170 2414 va·

41 2453 103 2519 leat
127 2461 164 2520 et
189 2454 321 2521 habere·
345 2456 392 2522 Et
416 2455 493 2539 qnia
518 2455 616 2521 etiam
631 2456 679 2521 ire
695 2455 747 2521 vel
762 2456 895 2522 mittere
911 2457 1015 2540 possit
1030 2478 1090 2541 pro
1108 2456 1171 2522 exi-

40 2562 141 2645 gendo
156 2562 203 2645 id,
220 2563 308 2647 quod
324 2563 405 2629 solvi
422 2569 455 2629 et
469 2563 571 2648 recipi
587 2562 685 2629 debet
700 2564 877 2630 secundum
893 2564 1031 2631 formam
1046 2566 1171 2632 ordinis

41 2671 241 2753 supradicti3
266 2671 357 2737 vadit
380 2693 467 2756 pars,
493 2671 581 2754 quod
607 2670 713 2737 dictus
729 2692 782 2736 ser
794 2669 953 2739 Nicolaus
969 2673 1017 2738 ire
1034 2673 1084 2738 vel
1101 2672 1172 2738 mit·

38 2783 104 2845 tere
115 2778 159 2844 ad
172 2778 402 2868 solicitandum
418 2778 540 2844 factum
556 2800 660 2862 snum,
676 2783 709 2844 et
725 2778 951 2846 excutiendum
967 2801 1060 2846 suam
1076 2781 1171 2846 satis·

39 2887 225 2969 factionem,
242 2893 276 2953 et
297 2888 428 2953 mittere
445 2895 477 2953 et
494 2887 636 2954 scribere
653 2886 881 2955 Provisoribus
906 2888 1081 2954 seeundum
1105 2888 1170 2953 for·

38 3017 121 3062 mam
149 3001 185 3059 et
210 2995 355 3061 ordinem
382 2995 462 3061 dicti
482 2995 605 3062 ordinis
622 2997 705 3062 alias
720 2994 818 3077 facti3
835 3002 868 3062 et
884 2995 972 3079 quod
988 3001 1173 3079 apponatur

37 3125 120 3187 pena
148 3104 193 3169 de
216 3102 323 3171 tribus
349 3103 471 3188 grossis
483 3102 620 3170 Venetis
645 3125 704 3188 pro
719 3103 812 3189 pecia
827 3102 928 3187 panni
943 3101 1019 3185 illis,
1034 3103 1090 3185 qui
1106 3122 1172 3168 uon

38 3213 198 3279 solverint
214 3233 313 3278 unum
330 3231 487 3294 grossum,
507 3211 592 3278 sicut
609 3211 796 3278 ordinatum
812 3219 871 3295 est,
887 3218 919 3276 et
935 3211 974 3276 de
989 3209 1097 3276 media
1113 3231 1173 3296 pro

35 3321 233 3388 centenario
260 3320 299 3386 de
316 3320 389 3386 aliis
406 3319 670 3401 mercationibus
684 3321 713 3385 si
730 3340 795 3386 non
811 3319 1089 3403 solverintipsam
1106 3341 1170 3386 ure-

35 3431 130 3512 diam,
142 3430 277 3496 solvant
287 3430 439 3513 duplum3
457 3450 538 3513 quas
555 3431 708 3512 parnasi
725 3428 828 3495 solute
843 3450 907 3495 non
924 3427 1045 3494 fuerint
1060 3429 1095 3494 in
1111 3426 1174 3494 Oa-

35 3547 118 3624 taro,
138 3539 336 3607 Provisores
354 3537 551 3619 Communia,
569 3538 685 3622 quibus
702 3536 762 3604 heo
778 3537 949 3604 commissa
965 3542 1049 3617 sunt,
1065 3559 1085 3602 a
1101 3557 1174 3601 con-

8 3701 9 3704 ι
32 3647 278 3715 trasactoribus
306 3648 436 3730 exigere
464 3652 657 3728 teneantur,
674 3644 713 3710 de
730 3644 849 3730 quibus
865 3645 1012 3712 habeant
1027 3643 1174 3724 tercium,

32 3762 252 3823 aureussator
273 3755 420 3836 tercium,
438 3753 464 3820 si
480 3753 555 3819 inde
573 3752 672 3818 fuerit
687 3757 867 3834 accusator,
884 3757 918 3817 et
933 3750 1023 3818 aliud
1039 3752 1174 3818 tercium

34 3886 108 3930 cum
139 3884 260 3948 grosso
279 3868 312 3928 et
328 3863 396 3927 eius
413 3861 534 3927 dictam
551 3859 691 3926 mediam
707 3879 767 3943 pro
784 3860 973 3926 centenario
990 3865 1178 3925 convertan-

33 3979 86 4038 tur
114 3973 152 4039 iu
181 3970 343 4038 solutione
369 3969 472 4034 debiti
497 3970 562 4034 sive
588 3967 708 4034 damni.
732 3968 779 4034 Et
804 3967 937 4051 insuper
954 3966 1177 4032 committatur

31 4078 157 4150 Comiti
186 4079 335 4164 Ragusii,
363 4079 451 4162 qnod
478 4077 645 4162 inquirere
671 4075 790 4142 debeat
817 4075 857 4142 de
883 4081 955 4142 tota
972 4075 1128 4159 draparia
1147 4079 1180 4140 et

29 4191 107 4258 aliis
133 4188 407 4267 mercationibus
419 4208 481 4271 que
493 4192 627 4271 portata
637 4183 687 4252 vel
697 4184 798 4251 missa
813 4184 855 4250 de
871 4184 1019 4270 Ragusio
1035 4181 1179 4249 fuissent

30 4300 208 4380 Getarum,
227 4305 259 4364 et
269 4298 443 4364 veritatem
469 4297 551 4362 sciro
572 4295 612 4361 de
628 4294 689 4360 hoc
704 4315 763 4378 per
780 4299 1028 4372 sacramentum,
1045 4299 1078 4358 et
1093 4290 1173 4360 scri·

27 4400 1171 4487 bereProvisoribusOommunis‚quicquidinveniret3quiProvisores

14 4522 213 4588 *teneantur
229 4516 358 4601 exigere
370 4515 526 4581 decontra
536 4511 733 4580 facientibus
744 4511 849 4578 dictas
859 4532 967 4595 penae,
977 4511 1170 4576 remanenti-
