3222 5240
407 329 471 394 ΜΩ
779 349 1015 396 nmnourcznr
1032 337 1199 402 rubrus.

409 529 481 574 mus
506 526 583 574 rere
608 507 655 575 sic
684 528 754 576 esse
781 507 907 576 factum
933 530 994 594 per
1018 509 1116 595 ipsos,
1141 516 1175 576 et
1206 511 1348 595 amplius
1373 519 1540 596 propterea

411 635 477 682 non
507 616 652 702 recipere
678 615 847 702 querelam
874 640 895 685 a
919 620 1043 687 nostris
1068 618 1221 686 fidelibus
1247 619 1459 704 supradictis.
1484 616 1541 685 Sed

413 724 535 792 iterato
560 745 663 810 nuper
681 723 772 813 (per)
789 726 873 793 alias
889 726 1018 795 litteras
1033 726 1194 796 dictorum
1210 725 1363 794 Consulis
1380 735 1414 793 et
1429 747 1541 794 merca·

414 839 522 900 torum
537 834 741 920 percepimus
759 834 960 902 acerbiorem
971 835 1150 919 querelam,
1170 835 1376 902 continentes
1392 835 1545 917 videlicet,

417 941 507 1024 quod
530 962 596 1008 non
620 941 755 1010 remotis
774 942 979 1009 nouitatibus
1003 942 1188 1026 antedictis,
1219 963 1240 1010 a
1266 942 1383 1027 quibus
1399 943 1503 1010 nostri
1516 965 1544 1009 se

417 1048 645 1132 defendebant,
661 1057 695 1116 rt
721 1051 806 1116 iuste
823 1055 969 1134 possunt,
985 1050 1048 1134 ipsi
1065 1047 1211 1118 Comites
1228 1057 1262 1117 et
1277 1048 1460 1117 Commune
1476 1048 1544 1134 sep

417 1156 471 1224 nie
494 1179 555 1242 pro
580 1157 726 1225 collectis
751 1157 913 1224 dictarum
933 1157 1165 1225 buticellarum
1180 1157 1256 1240 uini,
1271 1164 1304 1223 et
1318 1179 1379 1242 pro
1396 1157 1471 1224 aliis
1489 1157 1544 1223 col·

417 1266 511 1333 lectis
538 1287 642 1350 nuper
666 1264 783 1350 positis
811 1286 908 1351 super
932 1267 1152 1351 possessiones
1177 1273 1373 1350 nostrorum,
1399 1275 1545 1350 ceperunt

419 1373 594 1440 Consulem
620 1378 653 1438 et
678 1378 882 1443 mercatores
898 1380 1029 1442 nostros
1043 1375 1219 1461 predictos,
1234 1379 1268 1440 et
1282 1374 1373 1458 ipsos
1390 1374 1487 1457 quasi
1501 1372 1545 1439 de·

418 1484 584 1564 robantes,
595 1488 793 1568 acceperunt
808 1483 854 1550 eis
870 1485 1010 1570 pignora
1026 1505 1086 1569 pro
1103 1483 1269 1569 predictis,
1284 1483 1449 1550 minantes
1465 1482 1546 1567 ipsis,

420 1589 508 1675 quod
524 1591 669 1658 deterius
685 1597 744 1672 est,
759 1590 870 1658 lacere
890 1591 978 1676 ipsos
992 1591 1148 1658 laborare
1164 1591 1207 1656 ad
1222 1589 1387 1674 lignorum
1404 1590 1546 1657 exnun-

421 1719 515 1765 0nem
534 1706 702 1785 tamquam
717 1718 846 1782 servos3
862 1701 980 1784 quibus
996 1697 1128 1780 auditis,
1142 1717 1233 1764 mens
1248 1705 1363 1766 nostra
1378 1698 1476 1765 valde
1489 1703 1546 1763 tur-

422 1808 501 1873 bata
525 1807 588 1873 luit
605 1813 639 1873 et
654 1815 705 1874 est
719 1807 869 1890 maxime,
885 1806 964 1890 quia
979 1806 1203 1890 sperabamus,
1219 1805 1261 1872 ab
1277 1805 1324 1871 eis
1338 1803 1456 1872 fideles
1471 1811 1548 1873 nost
1597 1809 1599 1836 ⁸

422 1937 477 1982 ros
501 1913 650 2000 dedendi,
676 1915 702 1980 si
728 1914 771 1982 ab
787 1916 952 1981 extraneis
969 1921 1194 1999 gravarentur.
1211 1911 1321 1998 Quare
1347 1915 1549 1997 requirantur

423 2023 505 2090 dicti
530 2021 674 2090 Comites
699 2029 732 2089 et
757 2021 936 2090 Commune
965 2021 1094 2106 Segnia,
1119 2027 1280 2106 quatenus
1305 2022 1421 2089 taliter
1446 2022 1550 2090 rellint

424 2131 586 2214 ordinare,
612 2131 702 2214 qnod
727 2130 876 2216 predicta
902 2131 1091 2215 &oramina
1107 2137 1141 2198 et
1156 2132 1317 2198 novitates
1332 2131 1422 2199 facte
1440 2130 1551 2199 nostris

425 2240 573 2307 totaliter
598 2244 820 2318 amoveantur,
846 2247 880 2305 et
895 2239 1048 2323 deinceps
1067 2259 1132 2304 non
1151 2237 1251 2318 fiant3
1268 2244 1301 2305 et
1316 2239 1405 2323 quod
1421 2242 1551 2324 pignora
1598 2273 1600 2328 ,

426 2354 613 2415 cedrorum
629 2348 676 2414 sic
690 2347 868 2414 enormiter
883 2348 931 2416 eis
946 2353 1090 2432 accepta,
1105 2347 1185 2432 ipsis
1202 2347 1429 2430 restituantur,
1443 2347 1553 2414 haben·
1596 2331 1600 2438 l

427 2461 477 2522 tes
503 2475 558 2522 eos
583 2476 622 2522 ac
647 2461 827 2523 tractantes
852 2456 899 2523 sic
922 2455 1153 2524 fauorabiliter
1179 2461 1211 2521 et
1231 2455 1379 2539 benigne,
1396 2455 1485 2538 quod
1499 2453 1552 2540 ipsi

427 2563 533 2629 nostri
557 2565 699 2650 amplius
721 2586 787 2632 non
811 2570 1064 2648 conquerantur,
1089 2569 1123 2630 et
1149 2563 1237 2648 quod
1261 2584 1326 2629 non
1351 2584 1506 2648 cogamur
1520 2561 1554 2627 dc

429 2669 495 2736 alio
520 2670 664 2740 remedio
688 2671 879 2757 providere,
897 2673 959 2739 hoc
983 2671 1150 2755 facientes,
1167 2672 1253 2738 sicut
1268 2671 1309 2738 de
1325 2691 1384 2736 sua
1399 2669 1555 2736 fidelitate

430 2779 620 2850 confidimus
646 2786 679 2846 et
698 2801 877 2866 speramus.
892 2779 939 2847 Et
954 2801 1051 2867 snper
1067 2779 1223 2866 predictis
1239 2778 1333 2845 nobis
1349 2778 1487 2846 mittant
1503 2797 1555 2861 per

429 2892 570 2959 latorem
588 2891 787 2975 presentium
807 2911 901 2958 suam
915 2889 1170 2973 responsionem

539 3051 575 3117 (A
599 3053 711 3106 ›mnu‹
729 3053 819 3104 cainiti
840 3052 980 3104 velencaei
1002 3051 1230 3118 illnmkdnyvbdl
1247 3049 1556 3109 xvl.kcc.ac.1ev.;t
1599 3085 1601 3122 ,

917 3251 1076 3264 ——u—--——

939 3563 1012 3626 332.

434 3729 551 3796 Robert
566 3728 697 3794 sicilici
712 3727 826 3813 kirdly
853 3721 1164 3792 advortortdsdnclr
1179 3718 1455 3786 ordmaddsaibdl.
1474 3715 1558 3782 1332.

540 3993 657 4062 Eidem
674 3992 808 4060 Marino
856 4025 1258 4042 —————
1334 4005 1397 4070 pro
1424 3980 1558 4050 esmaltis

434 4103 561 4170 duobus
577 4101 695 4186 positis
711 4102 745 4164 in
761 4122 825 4166 rno
841 4121 918 4164 ense
934 4097 1081 4165 Illustris
1099 4093 1222 4161 domini
1237 4091 1340 4177 Regis
1349 4088 1501 4175 Vngarie
1515 4109 1559 4154 ne·

434 4212 519 4298 potis
535 4209 632 4296 Regij
685 4239 1358 4256 ----------
1405 4200 1510 4267 tareni
1524 4193 1558 4264 V.

544 4425 919 4512 Magistro'i'l'homasio
943 4425 1096 4492 barberio
1122 4428 1156 4488 et
1180 4419 1335 4487 familiari
1362 4416 1487 4484 domini
1502 4413 1557 4482 An-

438 4549 515 4616 dree
531 4538 635 4615 Ducis
661 4536 818 4606 Calabris
843 4535 970 4628 nepotis
1011 4532 1106 4620 Regij
1127 4552 1199 4623 -pro
1236 4527 1342 4622 pretio
1375 4526 1470 4594 unius
1498 4541 1558 4614 pec·
1600 4629 1601 4632 Ἴ
