3174 5236
537 415 631 476 1294.
1079 397 1148 472 '105

1 647 2 650 ,
26 590 70 654 νε]
84 591 119 654 in
134 592 244 669 terris,
260 591 311 654 νε]
326 597 434 654 terres
459 588 696 667 fideiussorum,
721 586 770 651 vel
804 585 1032 651 Communium
1048 585 1149 651 infre·

1 723 2 776 ς
28 697 233 780 scriptorum,
250 697 302 761 νε]
319 698 355 762 in
380 697 463 761 elias
494 693 834 778 subiectas,p1·edioto
865 692 995 757 domino
1027 691 1149 758 Comiti

1 783 2 808 ³
25 801 166 888 Georgio
183 807 235 870 rel
250 804 410 870 frutribus
426 805 529 888 ipsius
555 823 757 887 quocumque
783 801 879 866 modo
905 801 1029 866 dietum
1050 799 1150 884 danp-

1 933 2 938 ’
26 934 98 978 num
114 919 221 979 totum
235 914 366 996 integre
384 935 399 976 s
424 913 586 977 tisfeeere.
604 911 647 974 Et
664 912 691 974 si
707 910 828 973 dictum
845 909 969 990 liguum
986 907 1035 972 νε]
1053 909 1150 990 ligne,

1 1045 2 1096 ν
25 1019 73 1084 νε]
86 1042 168 1104 gens
185 1041 245 1086 suu
261 1042 325 1085 non
342 1019 465 1086 rediret
480 1019 523 1084 ed
540 1018 612 1083 loce
623 1017 779 1102 predicta,
789 1014 839 1081 vel
855 1015 993 1080 fratrum
1011 1037 1151 1096 suornm,

25 1130 71 1193 rel
88 1130 226 1195 alterius
243 1152 364 1210 eorum,
381 1137 415 1195 et
430 1129 581 1195 dominus
597 1125 674 1192 Dux
700 1127 808 1210 ipsum
834 1125 1008 1208 dampnum
1023 1128 1151 1207 peteret

27 1238 72 1301 rel
97 1238 285 1319 requireret
310 1244 387 1303 ante
419 1257 601 1322 regressum
628 1256 730 1312 suum,
755 1233 904 1317 promisit
929 1232 1008 1297 dere
1024 1237 1151 1297 tantum

27 1345 57 1408 in
72 1365 191 1408 aurum
207 1345 257 1409 νε]
273 1349 455 1428 argentum,
471 1349 629 1426 quantum
646 1363 703 1426 per
724 1340 888 1406 dominum
904 1339 1030 1404 Ducem
1046 1339 1152 1420 requi·

28 1453 120 1517 situm
137 1451 238 1517 fuerit
255 1474 325 1518 esse
341 1453 518 1537 dampnum
545 1450 738 1534 predictum,
767 1449 852 1512 infre
877 1454 951 1513 octo
977 1447 1047 1510 dies
1079 1449 1153 1529 post

30 1580 167 1625 mensem
183 1558 376 1642 predictum,
393 1560 426 1623 in
442 1558 572 1624 fortiam
584 1557 723 1623 Comitis
736 1555 761 1621 J
763 1555 850 1632 edre,
861 1556 916 1637 qni
935 1555 1153 1636 eritpertem-

28 1687 118 1748 pore,
135 1667 223 1750 quod
238 1667 366 1732 tamdiu
397 1689 495 1750 penes
520 1665 643 1730 dietum
668 1664 827 1730 Comitem
853 1662 959 1728 Judre
985 1667 1074 1726 stare
1099 1659 1153 1725 de·

29 1771 107 1854 bert,
124 1793 225 1854 quam
259 1773 316 1838 diu
347 1774 421 1856 ipsa
451 1777 563 1856 seytee
594 1770 645 1836 νε]
675 1771 807 1853 lignum,
838 1775 896 1834 eut
915 1769 1024 1852 digne,
1054 1787 1152 1850 quem

29 1879 201 1963 dompnum
216 1880 356 1960 dederit,
372 1879 405 1944 in
421 1878 595 1944 Almisium
623 1877 673 1942 νε]
699 1877 742 1942 ad
757 1878 831 1943 loeo
857 1875 1007 1960 predicte
1022 1873 1151 1939 redibit.

29 1986 72 2051 rel
85 1987 234 2054 homines
250 1989 363 2072 ipsius,
380 2009 477 2071 quem
494 2007 566 2052 eum
583 1986 727 2068 redierit,
744 1993 849 2051 toturn
866 1984 947 2049 illud
974 1983 1151 2065 dampnum

30 2094 198 2162 emendare
215 2117 251 2160 se
266 2096 430 2179 obligauit
446 2100 479 2160 et
495 2094 659 2178 promisit,
684 2101 716 2159 et
733 2093 903 2159 sntisseeto
921 2092 1063 2176 dampno
1080 2111 1151 2174 pre·

32 2201 113 2268 dioto
130 2202 240 2268 dietus
251 2200 369 2268 Comes
380 2203 486 2268 dedre
501 2207 651 2266 teneatur
667 2202 838 2266 rost'tuere
855 2222 971 2266 eurum
988 2205 1021 2264 et
1037 2217 1153 2280 ergen-

34 2312 94 2374 tum
110 2309 299 2393 predictum
315 2310 402 2376 dieto
418 2309 539 2376 Comiti
557 2307 709 2392 Georgio.
741 2310 786 2375 Et
802 2310 829 2373 si
844 2309 929 2374 forte
948 2309 1020 2391 ipsa
1037 2312 1149 2391 saytee

1 2433 3 2494 ζ
32 2414 75 2478 νε]
90 2416 220 2500 lignum,
238 2422 295 2481 eut
309 2417 407 2501 ligne,
423 2416 474 2481 νε]
500 2437 579 2500 gens
603 2439 663 2482 sue
687 2423 820 2501 propter
850 2437 1003 2499 magnum
1019 2415 1154 2496 luorum,

1 2507 2 2593 i
32 2523 112 2604 qnod
126 2522 251 2590 feceret
266 2530 379 2589 eontra
395 2523 551 2608 predicta,
568 2524 618 2590 νε]
634 2524 700 2589 eliu
716 2525 757 2589 de
782 2545 882 2589 neusa
899 2544 963 2587 non
979 2522 1104 2588 rediret
1118 2523 1151 2587 in

1 2651 3 2664 ⁴
34 2625 209 2714 Almisium,
224 2630 275 2696 νε]
291 2630 333 2696 ed
357 2631 430 2696 loce
456 2631 613 2714 predicte,
639 2631 724 2696 siout
748 2631 870 2696 dietum
896 2639 949 2698 est
980 2652 1088 2715 supro,
1104 2632 1152 2696 ito

33 2736 116 2818 quod
128 2743 234 2803 steret
259 2759 318 2821 per
344 2738 426 2804 duos
450 2759 577 2804 menses
606 2744 708 2820 extre,
733 2739 820 2804 vltra
845 2738 985 2822 primum
1009 2759 1152 2804 mensem

1 2873 3 2938 ν
35 2843 208 2925 predictum
225 2849 332 2911 totum
354 2845 438 2911 illud
463 2845 649 2930 dampnum,
675 2847 761 2930 quod
788 2847 901 2912 dutum
926 2844 1028 2911 fuerit
1047 2854 1080 2910 et
1094 2866 1152 2928 per

1 2943 4 3036 i
36 2949 191 3017 dominum
210 2951 338 3018 Dneem
356 2951 561 3036 requisitum,
591 2953 680 3019 infru
710 2954 791 3020 duos
826 2975 952 3020 menses
984 2952 1151 3038 predictos

1 3043 5 3133 i
37 3056 154 3144 integre
170 3063 333 3127 resarcire
349 3083 384 3128 se
401 3062 571 3146 obligauit,
588 3069 621 3128 et
636 3063 793 3147 promisit.
824 3063 910 3129 Item
926 3063 1040 3128 eodem
1056 3060 1152 3127 modo

34 3167 171 3247 promisit
186 3167 293 3236 dietus
310 3168 428 3235 Comes
446 3166 609 3254 Georgius
635 3170 674 3236 de
701 3171 841 3255 dampno
866 3171 944 3236 dete
961 3168 1094 3236 Terette
1111 3170 1152 3236 de

2 3303 3 3320 r
35 3268 222 3358 Onfredell0,
240 3280 273 3342 et
288 3279 378 3360 genti
395 3300 462 3357 sue,
478 3283 512 3342 et
535 3277 699 3362 Phylippo
726 3277 869 3362 Georgio
895 3300 967 3344 cum
999 3283 1095 3361 gente
1111 3276 1152 3342 de

2 3371 3 3404 ³
35 3380 206 3468 bermone,
222 3385 302 3450 dere
327 3393 360 3451 et
375 3386 504 3452 soluere
519 3387 620 3452 libras
646 3392 788 3471 quatuor
814 3388 919 3453 millia
944 3386 1151 3453 denariorum

1 3478 3 3533 i
36 3483 226 3559 Venetorum
241 3513 435 3578 pernorum3
452 3493 607 3560 videlieet
637 3495 739 3560 libres
765 3495 855 3561 mille
870 3495 959 3561 infru
974 3494 1043 3559 dies
1061 3493 1152 3577 quin-

39 3593 131 3664 deeirn
154 3600 310 3684 proxime
328 3609 491 3682 venturos,
508 3608 541 3665 et
557 3601 738 3668 ressiduum
763 3601 850 3668 inire
866 3603 947 3668 duos
963 3623 1066 3668 onnes
1082 3622 1156 3684 pro-

39 3702 131 3772 ximos
146 3729 234 3773 nuno
252 3713 418 3788 venturos,
435 3709 561 3774 seilicet
575 3710 720 3793 quolibet
734 3731 818 3775 enno
843 3711 946 3776 libres
962 3710 1050 3775 mille
1065 3711 1157 3793 quin·

3 3879 4 3882 ,
38 3817 141 3891 genus
157 3813 368 3880 denariorum
380 3814 584 3883 Venetorum
600 3837 777 3900 peruornm
792 3839 891 3901 reque
907 3819 949 3884 ed
960 3817 1155 3884 satisfactio·

38 3939 103 3984 nem
116 3920 275 4006 integrum
291 3923 377 3989 dicte
393 3945 517 3990 summe
542 3924 744 4008 quantitatis.
770 3927 816 3990 Et
841 3926 869 3990 si
885 3925 1052 4004 acciderit,
1067 3923 1154 4008 quod

39 4021 116 4090 dieta
129 4033 219 4093 terra
235 4025 368 4095 Almisii
384 4028 489 4094 exiret
514 4029 555 4094 de
579 4030 730 4095 menibus
758 4039 790 4096 et
806 4030 904 4096 fortia
920 4031 999 4095 dieti
1015 4027 1154 4095 Comitis

42 4127 171 4218 Georgii,
185 4135 236 4200 rel
251 4134 391 4201 fratrum
407 4157 550 4217 suorum,
576 4136 626 4201 νε]
652 4140 910 4222 propinquorum
943 4159 1083 4218 suorum,
1099 4159 1156 4202 sou

4 4241 6 4328 ζ
45 4241 138 4318 gentis
153 4263 209 4308 sue
224 4242 312 4308 infra
327 4245 500 4311 terminum
533 4249 799 4330 suprascriptum,
825 4245 911 4328 quod
928 4265 991 4310 non
1008 4249 1155 4310 teneatur

4 4341 9 4430 t
50 4343 84 4409 de
99 4353 210 4433 tregue
225 4350 375 4434 predicte
391 4377 398 4418 :
423 4355 515 4418 seluo
530 4359 649 4436 tamen,
665 4354 754 4438 quod
770 4355 798 4418 si
814 4355 947 4438 aliquod
964 4355 1087 4439 lignum
1104 4353 1155 4418 νε]

48 4459 316 4536 sayuaexiuisset
332 4465 426 4525 extre
452 4458 637 4542 Almisium,
668 4463 718 4526 νε]
745 4463 843 4526 terris
870 4462 947 4542 suis,
971 4463 1019 4527 νε]
1046 4461 1156 4544 ulique

51 4577 160 4650 enum,
174 4573 347 4654 antequem
371 4575 493 4636 terram
524 4569 728 4656 perdidisset,
752 4576 790 4657 let
820 4570 944 4636 dictum
969 4571 1091 4654 lignum
1108 4573 1158 4640 νε]

5 4707 8 4800 t

5 4891 14 5079 ,
