3170 5234
578 349 672 412 1318.
1122 347 1186 411 213

78 516 166 586 Ducis
190 521 372 590 Oliuerium
399 521 526 610 Cuppo,
551 530 583 590 et
607 525 720 591 tuitio
736 525 965 591 concordiade
981 526 1052 608 ipso
1070 524 1187 590 damno

75 624 152 693 ultra
161 649 317 712 expensas
328 636 470 716 quatuor
479 631 585 697 millia
595 631 717 699 solidos
726 629 930 702 Venetorum
940 652 1137 717 grossorum,
1148 632 1188 697 de

12 737 13 794 Q
74 735 176 818 quibus
201 736 276 804 dari
293 737 371 804 fecit
385 739 450 822 ipsi
467 737 615 808 Oliuerio
630 741 666 805 in
682 739 878 806 animalibus
894 761 1056 826 yperpera
1071 740 1188 804 tonina

12 913 14 930 Γ
73 845 253 926 octingenta,
280 845 320 911 de
345 847 462 932 quibus
477 853 587 913 tamon
602 847 657 914 ille
674 850 730 932 qui
746 870 818 915 eum
835 851 1022 930 associauit,
1050 847 1189 914 abstulit

12 951 14 970 '
72 949 99 1013 ai
120 951 204 1018 ultra
227 951 378 1034 ducenta,
403 960 438 1019 et
460 959 636 1040 antequam
653 957 756 1021 exiret
770 956 929 1040 Regnum,
954 957 1111 1040 spoliatus
1127 953 1190 1022 fnit

12 1059 13 1142 f
73 1054 106 1122 de
128 1059 207 1141 aliis,
233 1066 265 1125 et
282 1061 329 1125 sic
343 1067 570 1128 remanserunt
585 1068 680 1128 tanto
696 1068 842 1148 tempore
858 1063 921 1148 ipsi
936 1062 1048 1130 fideles
1064 1063 1188 1129 domini

12 1169 14 1198 ⁸
73 1165 164 1233 Ducis
178 1167 387 1251 damnificati,
405 1178 437 1235 et
446 1170 481 1234 in
491 1175 584 1235 tanto
596 1170 724 1236 damno.
739 1169 835 1239 Vnde
846 1172 975 1256 placeat
984 1171 1046 1254 ipsi
1057 1169 1188 1236 domino

12 1301 14 1374 ξ
72 1271 145 1358 Regi
170 1275 277 1340 facere
303 1277 349 1340 eis
366 1275 520 1342 satisfieri
537 1280 620 1344 sicut
634 1284 785 1345 teneatur
800 1285 832 1345 et
846 1278 954 1346 facere
970 1278 1129 1364 promisit,
1154 1283 1189 1343 vt

12 1377 13 1456 J
73 1403 152 1458 amor
168 1389 200 1449 et
215 1383 406 1451 fraternitas
423 1386 609 1452 conseruari
626 1384 760 1473 (possit)
776 1389 863 1454 inter
879 1387 1046 1452 dominum
1061 1386 1186 1470 Regem

12 1501 14 1576 t
72 1495 100 1554 et
121 1512 191 1556 suos
215 1497 249 1557 et
274 1491 439 1557 dominum
454 1491 580 1558 Ducem
606 1500 640 1560 et
656 1515 730 1561 suos
747 1496 917 1576 subiectos,
942 1494 1021 1577 quia
1037 1493 1187 1560 dominus

72 1593 140 1661 Dux
153 1619 215 1664 non
231 1605 343 1682 posset
360 1597 496 1665 deficere
512 1598 558 1664 eis
575 1600 609 1664 in
626 1621 683 1665 suo
696 1601 781 1685 jure.

167 1704 252 1771 ltem
277 1710 329 1770 est
354 1705 507 1772 damnum
523 1705 629 1774 Blasii
654 1707 795 1773 aurificis
811 1706 925 1774 Sancti
943 1706 1109 1786 Oanciani,
1134 1705 1189 1790 qui

12 1799 14 1898 ζ
73 1811 204 1878 existens
228 1813 262 1878 in
277 1812 444 1881 Breschca
469 1816 535 1879 iam
551 1822 627 1881 sunt
642 1819 718 1882 anni
735 1814 905 1895 sexdecim,
930 1820 962 1880 et
977 1813 1125 1880 faciendo
1142 1815 1188 1881 ibi

12 1973 14 2010 ζ
72 1925 165 1984 artem
190 1942 291 2001 snam,
316 1928 349 1987 et
365 1922 483 1988 vtendo
497 1924 761 2004 mercationibus,
786 1923 966 1990 derobatus
983 1930 1015 1987 et
1030 1917 1197 2008 spoliatus

12 2043 14 2110 Q
72 2025 127 2092 fuit
136 2028 389 2114 perDragonem
399 2030 599 2097 deBalmino
610 2031 777 2098 subditum
786 2032 866 2098 dicti
877 2031 1000 2096 domini
1009 2029 1122 2115 Regis,
1133 2031 1189 2112 qui

12 2131 14 2160 *
72 2143 186 2202 emerat
210 2143 391 2204 mercatum
407 2137 552 2204 Bresche
577 2139 618 2204 ab
644 2140 715 2224 ipso
740 2140 870 2205 domino
886 2139 988 2223 Rege,
1013 2145 1047 2204 et
1065 2136 1189 2206 fecerat

71 2243 191 2326 publice
206 2245 351 2325 clamari,
378 2246 464 2328 quod
484 2245 621 2330 quilibet
636 2249 741 2331 possit
756 2247 867 2313 venire
882 2252 915 2313 et
931 2253 1020 2312 stare
1037 2267 1188 2325 securus;

12 2339 14 2416 t
72 2357 101 2418 at
124 2352 184 2419 fuit
207 2356 275 2421 eius
302 2353 455 2421 damnum
479 2376 640 2439 yperpera
666 2357 841 2441 quingenta
872 2363 905 2422 et
939 2355 1190 2440 quinquaginta,

12 2457 14 2556 ff
71 2466 172 2542 preter
197 2459 285 2542 quod
310 2461 388 2528 fecit
402 2482 476 2528 eum
491 2464 569 2547 poni
585 2464 619 2528 in
636 2463 718 2529 duro
735 2471 767 2530 et
782 2484 899 2549 aspero
916 2485 1046 2530 carcere
1061 2463 1095 2528 in
1111 2484 1189 2546 quo·

72 2565 140 2632 dam
154 2574 261 2636 castro
281 2575 398 2636 vocato
415 2568 545 2655 Scopia,
564 2571 678 2657 inquo
695 2574 785 2638 stetit
801 2572 985 2638 substinens
1000 2591 1118 2656 graues
1134 2591 1190 2635 an·

72 2680 186 2756 gustias
201 2680 367 2746 mensibus
382 2679 501 2746 decem.
518 2679 614 2748 Vnde
633 2680 761 2765 placeat
771 2681 835 2766 ipsi
846 2681 977 2746 domino
987 2678 1072 2763 Regi
1081 2677 1190 2744 facere

12 2847 14 2884 ξ
74 2781 180 2852 dehoc
195 2787 313 2854 damno
329 2787 401 2854 fieri
417 2789 612 2874 condignam
628 2788 886 2856 satisfactionem
902 2794 935 2854 et
951 2785 1129 2854 emendam.

12 2891 13 2918 ²
169 2893 254 2962 Item
280 2902 331 2962 est
355 2896 448 2962 aliud
474 2897 629 2964 damnum
643 2895 781 2964 Andree
797 2903 831 2962 et
849 2896 1014 2964 Johannis
1031 2893 1190 2972 Sabatini,

12 3065 14 3080 ‚
72 3002 208 3070 fidelium
218 3005 340 3071 domiui
350 3000 464 3088 Ducis,
479 3004 535 3089 qui
551 3003 706 3072 facientes
723 3006 899 3071 transitum
914 3024 972 3088 per
984 3002 1190 3069 territorium

73 3109 184 3178 domini
198 3111 302 3198 Regis
326 3112 360 3177 in
387 3111 560 3180 millesimo
577 3112 804 3179 trecentesimo
821 3131 907 3178 nono
923 3134 996 3178 cum
1012 3110 1077 3176 suis
1093 3109 1190 3174 dena-

12 3211 13 3294 ]
71 3219 132 3300 riis,
154 3221 407 3288 mercationibus
434 3220 588 3287 atrebas
614 3220 762 3288 derobati
786 3227 818 3287 et
843 3219 975 3304 spoliati
1000 3219 1131 3284 fuerunt
1156 3217 1190 3281 in

12 3393 13 3398 ,
72 3335 225 3409 contrata,
240 3351 302 3413 que
318 3335 454 3395 vocatur
468 3330 501 3395 lo
512 3326 629 3412 Spaiso
645 3350 704 3412 per
714 3327 874 3395 Braniolo
884 3323 1044 3393 Comitem
1061 3324 1101 3392 de
1111 3325 1190 3392 Pre-

72 3437 131 3501 sari
147 3435 310 3504 subditum
325 3437 429 3521 ipsius
446 3435 568 3503 domini
578 3435 691 3520 Regis,
707 3443 740 3502 et
754 3436 817 3502 fuit
835 3456 946 3502 eorum
961 3435 1115 3500 damnum
1131 3433 1191 3500 lib-

70 3564 174 3610 rarum
190 3547 364 3628 sexaginta
379 3544 519 3611 duarum
535 3544 715 3610 solidorum
730 3565 846 3610 novem
862 3541 1071 3610 denariorum
1092 3540 1190 3606 unde·

72 3651 128 3717 cim
143 3673 338 3737 grossorum,
354 3657 387 3718 et
401 3655 506 3719 tenuit
522 3674 576 3719 eos
592 3659 775 3719 carceratos
790 3651 896 3717 tribus
906 3649 1078 3716 mensibus
1094 3646 1191 3714 Vnde

70 3758 194 3842 placeat
208 3759 315 3846 Regia
330 3759 503 3826 Maiestati
525 3759 633 3826 facere
658 3759 808 3828 similiter
825 3758 866 3825 de
881 3759 944 3825 isto
962 3757 1080 3824 damno
1097 3757 1190 3822 satis·

69 3867 143 3954 fieri,
156 3877 190 3936 rt
205 3876 255 3938 est
269 3871 399 3935 iustum.

171 4050 206 4110 (A
221 4047 326 4114 ’Copia
338 4049 373 4100 de
386 4045 628 4100 Commemorat«
653 4047 744 4098 czimti
758 4046 900 4100 velanczsi
911 4043 1141 4110 tllsmkdnyvbdl
1154 4043 1190 4093 11.

72 4137 179 4192 10104.
192 4140 255 4202 lev,
268 4152 285 4187 a
296 4137 373 4190 becci
386 4151 422 4188 cs.
436 4136 527 4188 titkos
541 4135 734 4201 lsvtlttrban.)
