3244 5236
801 381 1036 426 menounozmr
1059 365 1227 426 unsrun.

975 667 1048 730 355.

468 829 571 916 Lajos
600 829 711 916 dolqdr
727 830 854 914 derozeq
871 828 987 894 Bobert
1003 826 1129 893 deiciat
1144 825 1329 912 kirdlyuak
1345 825 1555 890 uduardhan.

966 935 1063 1001 1338.

551 1112 719 1180 Robertus
744 1120 805 1178 eto.
838 1111 1065 1178 'l'heseurariis
1093 1119 1154 1177 oto.
1179 1110 1332 1177 fidelitati
1348 1114 1460 1174 vestre
1476 1111 1569 1194 preci·

447 1224 564 1306 pimus,
592 1206 753 1303 quatenns
770 1217 950 1304 Spectabili
966 1219 1124 1304 Lodoyoo
1149 1218 1217 1285 filio
1233 1217 1346 1284 Incliti
1363 1217 1573 1302 Imperatoris

448 1329 610 1414 Bulgerie
635 1329 748 1413 nepoti
775 1334 886 1394 nostro
913 1328 1081 1396 carissimo
1107 1328 1149 1394 ed
1181 1349 1240 1394 nos
1270 1325 1397 1411 pridem
1428 1327 1570 1407 venienti,

448 1459 543 1522 quern
569 1440 604 1502 in
619 1437 775 1503 oomntua
790 1442 904 1502 nostra
922 1435 1125 1520 prouidimus
1140 1443 1351 1516 moraturum,
1377 1435 1491 1500 uncias
1507 1435 1567 1500 auri

449 1545 485 1610 X
502 1543 659 1629 ponderis
674 1525 835 1627 gdueralis
851 1565 959 1610 mense
975 1543 1124 1629 quolibet
1132 1543 1166 1609 in
1177 1543 1338 1628 principio
1349 1545 1482 1626 mensis,
1500 1563 1568 1628 quus

450 1655 479 1717 ei
505 1673 565 1736 pro
593 1653 743 1736 expensis
769 1651 835 1718 suis
861 1659 894 1716 et
918 1649 1040 1717 familie
1057 1673 1114 1718 sue
1130 1672 1239 1720 mense
1255 1650 1402 1734 quolibet
1419 1649 1567 1736 usquead

449 1759 688 1844 beneplacitum
714 1757 914 1843 prouidirnus
931 1759 1078 1825 exhiberi
1094 1760 1134 1825 de
1149 1781 1343 1844 quocunque
1361 1761 1500 1844 pecunia
1519 1764 1567 1825 eto

451 1867 579 1934 soluere
595 1874 628 1934 et
645 1867 797 1933 exhibere
813 1869 941 1948 ouretiS,
966 1875 1000 1934 et
1015 1867 1181 1952 recipiatis
1196 1866 1239 1933 ab
1255 1889 1294 1934 eo
1310 1868 1427 1933 exinde
1445 1867 1568 1951 singulis

451 1974 576 2039 vicibus
602 1975 770 2060 apodixas.
810 1974 934 2041 Datum
958 1973 1100 2059 Neapoli
1124 1997 1211 2041 anno
1236 1974 1369 2041 Domini
1395 1975 1452 2042 M⁰
1477 1971 1567 2041 OGC’

452 2077 678 2149 ΧΧΧἮΙΙο
693 2082 745 2147 die
761 2079 856 2148 XII⁰
872 2082 990 2149 mensis
1005 2080 1030 2146 J
1032 2082 1160 2167 anuarij
1178 2080 1240 2153 Vi.
1256 2082 1452 2149 indictionis.

562 2259 597 2319 (Α
613 2261 753 2327 »Registri
766 2261 917 2328 Angioini»
933 2263 966 2313 Η.
981 2269 1040 2314 279.
1055 2277 1091 2314 xz.
1105 2263 1172 2330 Reg.
1187 2263 1303 2314 Boberti
1315 2263 1348 2314 R.
1362 2263 1509 2318 ittetebo'l
1525 2266 1563 2313 lot.

456 2365 508 2412 ev„
527 2365 553 2400 u.
565 2349 602 2415 ο.)

941 2529 1097 2541 -ι-

991 2765 1067 2826 356.

718 2922 841 3007 Bolpur
857 2923 1000 3010 kduetsrip
1018 2922 1210 2988 Siciliu'hare.
1236 2925 1332 2990 1338.

565 3133 607 3146 -
619 3137 663 3146 —
679 3098 725 3164 Et
740 3097 860 3164 Boclos
876 3097 950 3163 Lau
966 3105 998 3163 et
1014 3100 1108 3166 sociis
1124 3101 1193 3165 eius
1209 3105 1330 3184 septem
1347 3103 1475 3168 nunoiis
1490 3102 1558 3183 Sper¹

459 3207 573 3273 tabilis
588 3207 813 3290 Imperatriois
832 3206 989 3289 Bulgarie
1015 3206 1167 3273 redituris
1186 3207 1228 3274 ad
1245 3208 1383 3274 eandem
1399 3203 1573 3294 Imperari

460 3337 539 3395 eom,
565 3337 647 3398 quas
672 3317 717 3381 eis
743 3337 803 3399 pro
820 3315 969 3398 expensis
985 3320 1019 3380 et
1035 3315 1231 3400 equitaturis
1248 3337 1359 3381 eorum
1375 3317 1513 3400 gratiose
1524 3331 1573 3392 erp

461 3421 567 3488 hiberi
592 3423 791 3506 providimus
816 3458 1400 3475 ----------
1415 3425 1573 3492 vnoiesu

460 3528 502 3598 V.
517 3529 645 3615 Aprilis
663 3531 721 3600 VI.
737 3530 933 3599 indictionis.

570 3707 605 3777 (n
631 3711 767 3776 »Regin-ri
786 3712 935 3779 ungrorum
956 3713 986 3763 n.
1001 3717 1060 3763 sn.
1081 3729 1117 3764 xz.
1131 3713 1197 3778 neg.
1213 3712 1327 3764 nostru
1342 3713 1374 3762 u.
1387 3705 1550 3762 inuuunt·
1571 3783 1573 3804 Ι

460 3802 513 3850 lev.
527 3817 533 3864 3
547 3814 573 3852 u.
588 3800 626 3861 o.)
1571 3805 1573 3840 ¹
