3170 5234
749 425 983 480 otonouncmm
1001 419 1170 480 nmunrr.

928 614 1000 676 271.

443 769 589 859 Moyyar
605 773 730 837 eredettt
748 773 870 838 Mittas
888 786 1003 839 macter
1019 777 1100 840 mint
1108 777 1225 862 jeyyzii
1241 773 1475 858 honfimittatik

801 881 1017 946 Velenczibao.
1036 882 1131 948 1318.

504 1055 666 1140 Magister
688 1057 846 1125 Nicolaus
863 1057 1024 1124 Notarius
1049 1058 1090 1125 de
1105 1059 1255 1126 Renaldo
1281 1058 1448 1142 quondam
1462 1055 1513 1121 Al-

398 1163 491 1242 berti,
517 1162 573 1246 qui
598 1163 662 1229 fuit
687 1163 727 1228 dc
743 1164 902 1250 Vngaria,
919 1173 953 1231 et
967 1189 1052 1232 nunc
1067 1174 1217 1234 moretm
1234 1166 1386 1237 Venetiis
1402 1168 1436 1231 in
1450 1185 1513 1250 con·

397 1275 488 1336 trata
504 1268 617 1336 Sancti
633 1268 795 1352 Geruaefi,
820 1273 915 1338 datus
941 1272 1003 1339 suit
1019 1295 1079 1358 pro
1097 1275 1224 1345 Veneto
1241 1273 1351 1342 XXV
1369 1293 1513 1338 annorum

398 1399 456 1461 per
472 1376 600 1444 nobiles
616 1379 702 1444 viros
712 1379 879 1447 Marinum
889 1381 1087 1448 Michaelem
1103 1390 1136 1447 et
1146 1383 1171 1449 J
1173 1382 1336 1448 ohannem
1345 1378 1512 1464 Georgium

398 1485 589 1551 Provisores
613 1483 819 1570 Communis3
843 1497 876 1554 et
900 1488 1017 1554 habuit
1032 1490 1239 1574 priuilegium
1255 1491 1296 1556 dc
1312 1489 1398 1556 XX.
1413 1485 1513 1554 Martii

397 1594 502 1676 prime
517 1591 719 1661 indictionis.

507 1774 543 1835 (Δ
559 1775 662 1840 »Copia
675 1777 708 1828 de
721 1776 961 1830 commemorimi«
985 1780 1075 1830 czimti
1089 1780 1314 1845 allamkonyvbol
1327 1779 1378 1829 111.
1392 1780 1448 1830 ket.
1462 1782 1481 1827 l.
1493 1789 1512 1826 r.

399 1867 460 1914 ³12.
474 1864 537 1926 lev„
551 1882 577 1915 u.
592 1870 629 1931 o.)

933 2089 1007 2151 272.

397 2242 542 2311 Sororum
558 2243 664 2312 Jcnoa
689 2247 844 2312 ueleuczei
869 2248 946 2333 dopo
971 2249 1123 2334 aequem
1139 2249 1243 2314 laicum
1258 2250 1400 2315 Milatia
1417 2249 1512 2312 intutu

398 2352 467 2415 111.
487 2353 571 2420 Uroa
587 2353 675 2418 azer-b
691 2353 850 2440 kirutyml
867 2378 947 2418 ozon
964 2356 1231 2436 torositciaolcert,
1256 2357 1408 2444 meiyckct
1422 2355 1513 2420 oclea-

489 2461 553 2525 ezei
572 2460 765 2527 keroetedet·
782 2462 1115 2549 aaaoktmaquctboc
1130 2464 1321 2529 meavedtck.
1341 2460 1433 2528 1318.

506 2636 698 2704 Memoriale
715 2638 803 2725 quod
817 2640 890 2705 fieri
906 2639 986 2706 iacit
1002 2638 1147 2706 Illustris
1164 2641 1313 2706 dominus
1329 2641 1405 2706 Dux
1417 2639 1512 2708 Vene-

397 2745 516 2812 tiarum
542 2745 684 2829 sapienti
707 2747 776 2811 viro
792 2745 916 2812 Basilio
942 2747 982 2812 de
997 2746 1132 2812 Basiliis
1159 2746 1365 2812 ambaxatori
1383 2743 1513 2812 Serenia-

399 2854 471 2918 simi
497 2853 616 2919 domini
633 2853 736 2938 Regis
752 2854 874 2934 Vrosii,
897 2855 1047 2938 rogando
1063 2875 1145 2936 eum,
1169 2856 1203 2919 in
1220 2855 1310 2920 cuius
1329 2855 1472 2922 bonitate
1486 2859 1514 2916 et

398 2963 595 3028 discretione
611 2962 753 3044 confidit,
768 2965 855 3045 quod
872 2985 969 3048 super
979 2962 1197 3047 infrascriptis
1207 2963 1416 3047 petitionibus
1431 2970 1463 3029 et
1471 2983 1513 3026 re-

398 3072 624 3154 qnisitionibus
641 3069 785 3136 fidelium
802 3070 879 3135 dicti
890 3071 1012 3136 domini
1021 3070 1127 3139 Ducis
1137 3070 1354 3137 damnificatis
1365 3072 1397 3136 in
1407 3069 1512 3154 Regno

397 3178 476 3244 dicti
503 3177 627 3262 domini
641 3175 743 3261 Regis
769 3177 898 3261 placeat
914 3178 978 3263 ipsi
994 3178 1201 3245 amburatori
1217 3179 1351 3263 operari
1366 3178 1451 3262 apud
1466 3178 1513 3242 do·

397 3288 519 3351 minum
536 3286 671 3370 Regem,
698 3285 785 3369 quod
801 3287 942 3352 satisfiat
959 3308 1014 3352 seu
1030 3287 1181 3353 satisfieri
1195 3287 1298 3352 saciat
1313 3287 1432 3352 eisdem
1446 3283 1513 3350 fide·

397 3394 482 3460 libus
507 3394 587 3460 dicti
613 3393 736 3460 domini
761 3390 873 3473 Ducis,
900 3401 932 3460 vt
958 3394 1121 3478 perfectus
1148 3416 1239 3462 amor
1265 3402 1471 3462 conseruetur
1485 3396 1512 3456 et

398 3509 549 3568 acrescat
573 3502 658 3566 inter
675 3503 781 3585 ipsum
798 3501 963 3567 dominum
979 3501 1106 3587 Regem
1123 3499 1161 3567 et'
1171 3523 1247 3569 suos
1263 3503 1411 3570 subditos
1426 3507 1458 3568 et
1473 3499 1513 3582 ip·

401 3630 471 3674 eum
488 3609 654 3675 dominum
669 3610 795 3674 Ducem
812 3617 845 3675 ct
862 3611 930 3674 eius
947 3609 1119 3677 subiectos.

507 3719 547 3782 In
573 3717 686 3799 primis
713 3725 763 3782 est
779 3717 934 3782 damnum
949 3739 1050 3802 graue
1066 3718 1194 3783 illatum
1209 3718 1373 3785 nobilibus
1388 3718 1464 3784 siris
1480 3713 1513 3780 de

400 3823 495 3891 domo
512 3821 700 3889 Contereno
717 3833 751 3890 et
766 3825 887 3906 Barbo,
904 3825 1053 3892 fidelibus
1068 3824 1191 3890 domini
1206 3825 1319 3909 Ducis,
1335 3827 1369 3890 in
1383 3825 1512 3912 quadam

396 3935 493 4016 galea
517 3952 578 3997 sua
603 3938 737 3997 onerata
752 3932 912 3998 mercibus
929 3939 961 3998 et
978 3931 1150 4016 frumento,
1175 3955 1238 4019 quc
1255 3933 1332 3999 olim
1347 3935 1413 3999 ianr
1427 3932 1512 4015 longo

397 4048 543 4127 tempore
568 4039 680 4124 elapso
705 4061 765 4125 per
780 4041 945 4108 fortunam
961 4044 1118 4126 temporis
1134 4045 1273 4110 venitin
1289 4050 1380 4109 terra
1397 4043 1463 4108 sinc
1475 4039 1513 4105 le·

397 4152 486 4217 sione
512 4150 605 4235 galee
629 4150 716 4233 apud
740 4159 870 4233 portum
896 4158 929 4216 et
953 4153 1136 4220 districtum
1164 4149 1280 4218 Catari
1305 4150 1347 4217 de
1362 4149 1512 4218 Districtu

398 4259 542 4323 eiusdem
558 4259 681 4324 domini
697 4257 808 4342 Regis,
835 4266 868 4325 et
883 4259 945 4325 fuit
962 4261 1113 4326 totaliter
1129 4260 1289 4326 derobata
1304 4281 1363 4344 per
1379 4259 1511 4326 homines

398 4363 512 4431 Catari
522 4367 670 4433 subditos
681 4368 784 4451 ipsius
795 4368 919 4434 domini
929 4366 1040 4453 Regis,
1057 4390 1096 4434 ex
1107 4391 1172 4453 qua
1184 4367 1400 4435 derobacione
1410 4375 1511 4450 etspo·

398 4469 536 4539 liacionc
553 4473 759 4543 damnificati
772 4473 904 4541 fuerunt
919 4475 954 4540 in
970 4477 1138 4561 yperperis
1158 4485 1232 4542 octo
1242 4475 1374 4543 milibus
1385 4474 1511 4550 etultra,

397 4587 431 4648 et
455 4579 598 4646 finaliter
623 4583 685 4670 ipsi
711 4585 867 4648 miserunt
894 4606 986 4650 suum
1003 4585 1155 4650 nuncium
1172 4606 1243 4649 cum
1260 4584 1381 4651 litteris
1398 4579 1508 4652 donini
