3222 5240
582 353 811 416 1334-1335.

697 602 882 688 somolarijs
936 685 941 690 Ι

125 629 285 701 Gerando
303 633 344 702 de
360 634 532 718 Pregiaco,
701 689 847 760 Camere·

123 739 360 825 Gnillclmona

122 849 241 916 Marco
258 850 299 916 de
315 848 458 938 Neapoli
479 853 631 934 amatori,
962 870 1005 936 ad
1020 871 1179 937 rationem
1199 871 1239 938 de

123 955 290 1024 Riccardo
469 1033 474 1046 ,
514 1033 520 1045 ,
642 1036 648 1049 ,
941 978 1066 1045 tarenis
1083 979 1263 1062 tribuspro

122 1063 335 1134 Johannucio
400 1031 538 1098 valhctls
554 1052 701 1117 coqulfle,
964 1086 1111 1172 quolibet
1126 1107 1239 1152 eorum

124 1173 296 1259 Rostayno
313 1173 454 1261 Oliuarij
472 1176 512 1241 de
529 1173 649 1244 Oliolis
668 1176 802 1244 valiicto
827 1199 885 1263 pa·
994 1217 1052 1279 per
1067 1216 1209 1260 mensem

171 1284 326 1367 nectaris,
1039 1303 1158 1386 reliqui

128 1389 249 1459 Golino
265 1392 399 1458 vallicto
415 1393 639 1474 buoticularie,
956 1411 1048 1478 vncia
1073 1410 1092 1475 Ι
1115 1419 1178 1476 tar.
1196 1410 1263 1478 III.

123 1500 342 1585 Berteraymo
358 1499 492 1566 vallioto
512 1499 700 1580 fructuario,

76 564 79 569 .
125 524 306 592 Gnillelmo
322 527 361 592 de
378 527 581 612 Montesorti‚
651 541 668 836 ι

3 1597 7 1606 ’
123 1607 258 1676 Poruno
273 1608 406 1676 vallicto
421 1608 572 1689 forrarie,

123 1718 337 1786 Ferminectc
353 1715 486 1782 vallicto
503 1717 640 1784 salsarie

235 1842 301 1909 Die
311 1841 393 1911 VII.
409 1843 550 1928 predicti
564 1845 685 1910 mensis
694 1843 870 1928 Februarij
885 1843 952 1910 111.
969 1843 1157 1910 indictionis
1174 1843 1261 1910 Nea·

122 1951 196 2038 polj
227 1950 332 2016 solute
348 1956 424 2016 sunt
439 1949 563 2017 eisdem
592 1949 809 2017 familiaribus
835 1951 966 2036 hospitij
985 1951 1064 2017 dicti
1081 1950 1184 2017 Ducis
1201 1948 1262 2018 Ca-

123 2059 243 2140 labris,
261 2079 301 2124 ac
331 2057 517 2124 Bertrando
551 2056 708 2143 Grigonis
740 2057 904 2140 scutifero,
936 2081 995 2143 pro
1027 2060 1134 2143 gagiis
1150 2079 1260 2126 eorum

125 2167 290 2233 mensium
307 2163 499 2232 Decembris
516 2173 549 2233 et
565 2164 591 2232 J
592 2167 723 2251 anuarij
735 2169 882 2251 proxime
897 2170 1147 2253 presteritorum
1162 2167 1258 2234 huius

122 2273 196 2341 III.
214 2274 405 2342 indictionis
421 2274 464 2341 ad
481 2276 642 2340 rationem
667 2275 849 2357 predictam
874 2277 909 2340 in
934 2274 1095 2340 carolenis
1127 2274 1255 2358 argenti

100 2383 219 2450 -vncie
236 2383 436 2467 trigintadue
452 2385 560 2448 tareni
587 2383 700 2449 decem
718 2391 752 2449 et
768 2407 872 2468 grana
888 2383 999 2450 decem
1017 2389 1050 2448 et
1066 2388 1141 2448 octo

123 2531 168 2539 -
221 2529 254 2538 -
308 2529 352 2537 —
397 2529 440 2538 -
509 2490 602 2557 vncie
627 2489 781 2558 XXXII
806 2493 912 2558 tareni
945 2490 983 2558 X
999 2512 1103 2576 grana
1119 2487 1261 2576 XVIII,

234 2597 301 2666 Die
316 2598 400 2665 XII.
416 2599 556 2685 predicti
571 2600 693 2664 mensis
708 2597 836 2684 Aprilis
856 2599 923 2665 HI.
947 2598 1134 2666 indictionis
1151 2604 1183 2664 et
1198 2598 1261 2667 ibi·

123 2709 203 2774 dem
221 2707 326 2772 solute
342 2713 418 2773 sunt
434 2708 555 2772 eisdem
587 2707 736 2773 omnibus
766 2706 984 2774 familiaribus
1013 2709 1150 2794 hospitij
1178 2707 1258 2775 dicti

122 2814 254 2884 domini
263 2814 367 2882 Ducis
376 2813 539 2896 calabrie,
550 2837 610 2900 pro
623 2816 728 2898 gagiis
738 2838 851 2882 eorum
860 2816 1019 2882 mensium
1036 2815 1212 2902 Februarij
1224 2823 1258 2882 et

125 2926 249 3012 Martij
265 2926 412 3011 proxime
429 2925 660 3010 preteritorum
669 2924 765 2991 buius
775 2924 843 2991 III.
852 2924 1041 2991 indictionis
1053 2923 1096 2990 ad
1111 2927 1257 2992 rationes

19 3035 21 3040 ’
122 3032 295 3118 predictas
327 3035 418 3100 vnoie
435 3033 639 3120 trigintadue
660 3041 692 3099 et
706 3033 815 3100 tareni
841 3033 951 3098 decem
982 3037 1016 3096 et
1031 3038 1105 3099 octo

751 3141 844 3207 vnoie
860 3137 1015 3206 XXXII
1039 3146 1101 3206 tar.
1117 3137 1256 3207 XVHI.

234 3246 299 3316 Die
315 3245 401 3315 XII.
416 3249 555 3334 predicti
570 3247 690 3315 mensis
715 3248 739 3313 J
741 3247 799 3332 nlij
826 3247 895 3315 HI.
926 3248 1115 3313 indictionis
1131 3247 1256 3314 ibidem

121 3355 232 3424 solute
249 3364 325 3422 sunt
335 3355 456 3422 eisdem
472 3363 532 3424 etc.
548 3363 583 3423 vt
593 3377 701 3441 supra,
712 3378 751 3422 ac
761 3354 901 3423 Nicolao
913 3356 952 3423 de
968 3353 1147 3439 Squillacio
1165 3357 1260 3423 scuti-

120 3465 193 3532 iero
208 3487 268 3551 pro
284 3466 392 3552 gagijs
409 3487 520 3533 eorum
534 3466 684 3552 preteriti
702 3467 822 3533 mensis
839 3463 968 3550 Aprilis
983 3464 1051 3531 ΙΙΙ.
1068 3465 1258 3532 indictionis

122 3573 168 3641 ad
185 3574 370 3658 predictam
386 3575 546 3642 rationem
565 3582 625 3643 etc.
658 3612 702 3624 -
758 3613 801 3623 ——
849 3611 892 3622 —
938 3613 981 3625 -
1027 3575 1120 3639 uncie
1135 3571 1254 3643 XVII.

231 3681 296 3748 Die
313 3681 402 3749 ΠΗ.
418 3681 559 3768 predicti
570 3682 690 3749 mensis
699 3681 848 3767 Augusti
859 3681 925 3748 HI.
942 3679 1129 3748 indictionis
1145 3681 1179 3746 in
1195 3679 1258 3747 Oa·

1 3808 2 3812 ’
120 3811 246 3857 sasana
261 3810 363 3875 prope
381 3787 535 3856 Castrum
558 3789 666 3858 Maris
691 3789 732 3855 de
764 3788 881 3856 Stabia
912 3789 1017 3856 solute
1043 3793 1120 3854 sunt
1136 3786 1257 3854 eisdem

119 3897 343 3968 familiaribus
375 3898 454 3965 dicti
486 3898 609 3965 domini
641 3897 745 3965 Ducis
777 3894 934 3963 Calabris
959 3903 1094 3980 excepto
1111 3895 1258 3979 predicto

1 4013 3 4019 ’
118 4007 262 4078 Roberti
287 4006 327 4074 de
345 4005 527 4094 Squillacio
559 4029 618 4092 pro
651 4008 758 4094 gagijs
785 4028 896 4073 eorum
919 4006 1039 4072 mensis
1064 4004 1146 4088 Maij
1164 4023 1248 4086 prox

119 4115 276 4206 preteriti
302 4113 398 4183 huius
414 4114 480 4183 111.
496 4115 684 4183 indictionis
701 4115 744 4180 ad
759 4115 904 4183 rationes
931 4111 1097 4198 predictas
1111 4111 1148 4178 in
1165 4131 1256 4178 caro·

118 4226 204 4295 lenis
221 4224 351 4310 argenti
382 4223 474 4293 rncie
490 4223 630 4293 sedecim
648 4231 681 4290 et
696 4224 801 4290 tareni
817 4243 933 4289 nouem

829 4331 920 4398 rncie
937 4328 1036 4400 XVI.
1056 4336 1117 4396 tar.
1135 4327 1259 4396 VHII.

213 4441 314 4511 Dicto
333 4440 629 4529 dicIIILAugusti
645 4444 679 4509 in
690 4441 858 4509 Casasana
873 4461 975 4525 propo
986 4439 1141 4506 Castrum
1151 4439 1258 4506 Maris

122 4552 165 4626 de
182 4550 299 4624 Stabis
315 4548 420 4620 solute
437 4558 512 4619 sunt
533 4551 681 4643 predicto
715 4548 947 4618 Guillelmocto
976 4547 1110 4614 dimidio
1126 4547 1258 4613 vallioto
