3222 5240
399 376 462 437 288
757 391 993 438 nrrnonnozmr
1010 379 1175 437 nundum.

395 550 436 615 de
453 547 589 633 Spalato
607 558 735 616 eentum
752 552 897 616 homines
914 551 954 616 de
970 550 1060 616 diota
1071 573 1196 616 summa
1207 549 1529 635 quadringentorum

393 656 559 722 hominum
589 659 811 742 predictorum
845 657 1016 723 Communi
1047 666 1080 723 et
1110 659 1295 724 hominibus
1326 658 1366 724 de
1384 658 1528 743 Spalato

393 763 512 830 obtulit
530 786 564 829 se
581 763 752 846 daturum
767 771 801 831 et
816 766 966 830 dominus
990 765 1015 830 J
1017 764 1160 831 ohannes
1178 763 1386 832 Gradonious
1402 765 1527 831 Comes

393 872 624 956 Traguriensis
642 895 715 938 oum
746 894 906 938 consensu
931 880 962 937 et
987 872 1343 954 voluntatediotorum
1360 873 1526 942 nobilium

392 980 431 1044 de
449 981 611 1065 Tragurio
644 981 683 1045 de
715 981 941 1063 suprascripta
967 1001 1092 1045 summa
1117 981 1264 1063 predicto
1296 977 1468 1046 Communi
1489 988 1525 1046 et

391 1086 576 1152 hominibus
593 1087 633 1151 de
651 1086 813 1169 Tragurio
838 1091 968 1152 centum
993 1087 1213 1170 quadraginta
1238 1088 1382 1153 homines
1398 1087 1525 1154 obtulit

394 1215 427 1259 se
444 1196 614 1273 daturum3
631 1199 664 1258 ot
679 1193 828 1260 dominns
844 1194 1229 1268 PantaleoJust-inianns
1240 1194 1357 1260 Comes
1374 1194 1524 1261 Sibenici

392 1303 432 1368 de
448 1324 579 1369 assensn
596 1309 628 1367 et
651 1302 819 1367 voluntate
834 1301 996 1366 dictorum
1011 1301 1172 1371 nobilium
1198 1303 1238 1367 de
1262 1299 1416 1367 Sibenieo
1442 1323 1521 1366 oen·

390 1415 460 1476 tum
491 1411 662 1492 sexaginta
692 1411 839 1474 homines
871 1409 911 1474 de
944 1410 1168 1492 suprascripta
1204 1430 1328 1474 summa
1363 1408 1520 1491 predicto

389 1515 562 1582 Communi
578 1522 609 1581 et
626 1514 812 1580 hominibus
829 1514 916 1580 dicte
932 1513 1087 1581 Ciuitatis
1105 1513 1248 1583 Sibenioi
1273 1515 1394 1580 obtulit
1409 1537 1443 1582 se
1460 1516 1522 1581 da

388 1631 506 1690 turum.
520 1625 566 1689 Et
581 1626 626 1688 sio
642 1624 867 1706 unusquisque
893 1623 1053 1688 dictorum
1078 1621 1241 1688 Comitum
1267 1624 1398 1689 nomine
1415 1622 1521 1688 dicta·

388 1753 461 1799 rum
477 1730 665 1811 Cinstatnm,
682 1751 818 1815 quarum
844 1737 920 1796 sunt
935 1729 1088 1812 ComiteS,
1114 1737 1146 1796 et
1162 1732 1224 1814 ipsi
1241 1730 1374 1815 nobiles,
1391 1730 1520 1814 syndici
1606 1721 1607 1726 ἵ

388 1846 421 1905 et
436 1844 666 1922 procuratores
678 1837 858 1905 Ciuitatum
876 1839 1099 1932 predictarum
1115 1861 1262 1904 unacum
1277 1841 1333 1917 eis,
1350 1862 1389 1905 ex
1405 1847 1521 1904 aucto·

387 1949 484 2014 ritate
515 1949 560 2013 eis
584 1949 728 2014 atributa
760 1955 792 2012 et
824 1967 976 2012 concessa
992 1968 1012 2011 a
1028 1944 1184 2013 Consiliis
1200 1945 1377 2012 Ciuitatenr
1394 1969 1519 2028 eorum,
1606 1977 1607 1980 ¹

390 2065 421 2121 et
439 2057 593 2140 cuiusque
610 2057 765 2140 ipsorum,
790 2057 1009 2139 promiserunt
1040 2055 1119 2120 dare
1151 2056 1257 2120 causis
1282 2056 1517 2139 suprascriptis
1606 2093 1607 2098 κ

386 2167 605 2248 unusquisque
620 2168 838 2247 quantitatem
864 2165 1029 2229 hominum
1044 2184 1104 2247 per
1121 2185 1176 2228 eos
1200 2163 1346 2247 superius
1362 2171 1516 2246 pretaxa-
1606 2179 1607 2190 ¹

385 2282 455 2340 tam
471 2280 502 2339 ot
520 2274 722 2353 ordinatam
738 2274 967 2339 conuenientes
984 2279 1016 2337 et
1032 2273 1260 2355 promittentes
1271 2279 1384 2355 partes
1401 2293 1514 2355 supra·
1606 2315 1607 2320 κ

386 2383 506 2465 scripte
522 2403 580 2465 per
597 2404 639 2463 se,
651 2383 737 2464 quod
754 2381 794 2447 de
812 2382 899 2447 dicta
914 2382 1129 2446 conuentione
1144 2388 1176 2445 et
1189 2381 1343 2446 societate
1355 2384 1513 2462 quattuor

385 2488 596 2554 conficiantur
612 2491 829 2554 instrumente
854 2490 950 2556 unius
977 2489 1123 2555 eiusdem
1147 2489 1280 2568 tenoris
1303 2487 1421 2569 sigillis
1436 2509 1512 2571 pon-

386 2594 537 2662 dentibns
553 2619 663 2662 eorum
679 2606 712 2663 et
729 2597 883 2679 cuiusque
898 2597 1043 2680 ipsorum
1060 2596 1213 2662 Ciuitatis
1230 2603 1262 2662 ot
1273 2596 1463 2662 Communis
1480 2603 1512 2660 et

329 2781 335 2790 ,
386 2703 465 2769 dicti
500 2704 621 2770 domini
655 2702 790 2770 Comitis
820 2705 853 2770 N
856 2704 960 2788 eliptii
991 2705 1023 2769 in
1056 2706 1351 2788 suprascriptorum
1367 2705 1511 2769 omnium

384 2814 606 2878 testimoninm
631 2815 806 2879 munimine
837 2815 1001 2880 roborata.
1033 2812 1122 2881 Acta
1153 2814 1285 2880 luerunt
1310 2813 1461 2897 predicta
1477 2815 1509 2876 et

383 2919 514 2987 firmate
529 2925 562 2986 in
578 2922 676 2990 Valle
703 2922 870 3007 Stolpone‚
895 2923 1104 3006 presentibus
1129 2923 1292 3008 Magistro
1318 2921 1508 2990 Alexandro

383 3026 424 3094 de
439 3028 551 3095 Firmo
568 3031 708 3098 Notario
741 3038 771 3095 ot
798 3030 1003 3096 Cancellsrio
1020 3029 1208 3095 Communis
1234 3029 1373 3115 Spoleti,
1405 3031 1506 3112 Magi-

383 3143 451 3202 stro
468 3135 626 3203 Gervasio
644 3139 683 3204 do
700 3138 852 3204 Taruisio
869 3137 1010 3204 Notario
1037 3145 1069 3203 et
1098 3137 1303 3204 Cancellario
1320 3139 1506 3205 Communis

382 3243 546 3327 Tragurii‚
569 3244 735 3329 Magistro
767 3245 973 3328 Meneghello
990 3245 1030 3310 de
1047 3245 1185 3331 Cluigia,
1202 3255 1233 3312 et
1250 3247 1400 3330 plurimis
1432 3247 1504 3312 aliis

379 3351 518 3417 testibus
536 3353 654 3419 adhoc
670 3355 793 3420 voeatis
810 3361 843 3419 et
860 3356 985 3437 rogatis
1002 3361 1061 3421 eto.

488 3460 562 3543 Ego
579 3461 699 3527 Petrus
715 3461 802 3528 filius
819 3463 984 3546 quondam
1009 3485 1060 3528 ser
1085 3461 1270 3529 Alexandri
1296 3464 1335 3531 de
1352 3464 1504 3560 Pistoris,

382 3565 551 3648 Imperiali
569 3571 766 3634 auctoritate
781 3568 939 3636 Notarius
955 3575 988 3636 et
1003 3569 1190 3636 Communis
1207 3569 1350 3637 Sibenici
1371 3573 1505 3639 Cancel-

382 3674 484 3739 larius
516 3680 549 3739 et
578 3673 719 3742 Juratus
749 3678 906 3760 publicus
930 3679 1085 3761 predictis
1116 3679 1265 3745 omnibus
1281 3679 1423 3763 interfui,
1438 3687 1502 3744 eta

382 3782 539 3865 predictis
554 3783 703 3865 partibus
719 3791 854 3869 rogatus
871 3785 983 3869 scripsi
1001 3791 1034 3850 et
1048 3785 1189 3852 fideliter
1207 3787 1380 3870 publicavi,
1400 3790 1501 3872 signo·

382 3911 444 3974 que
460 3913 532 3957 meo
548 3898 702 3958 consueto
720 3893 846 3976 signavi
866 3900 925 3959 eto.

488 4051 526 4123 (A
548 4052 785 4118 Diplomatorium
807 4054 1030 4109 Siboniconstbo'l
1044 4057 1077 4109 56
1092 4060 1110 4116 1.
1123 4074 1139 4108 a
1152 4059 1227 4110 bdosl
1241 4055 1341 4110 udvari
1355 4060 1499 4126 libnputlr·

378 4143 453 4209 ban.)
