3222 5240
740 320 972 366 orruounezmr
990 306 1156 366 almurus.

919 503 991 563 296.

384 658 500 724 Roberl
527 657 652 744 Ko'rolp
676 683 815 746 propper
840 661 954 746 kirtly
979 661 1142 726 Sicilidba
1162 660 1288 740 otaaik,
1304 659 1404 724 ΙοίηοΙρ
1420 659 1520 738 r“rocr-
1562 643 1565 762 Ξ

613 767 739 832 ddrdra
756 780 799 832 ott
815 768 991 834 kdezittetek
1007 769 1180 834 lbrta'aoek.
1200 771 1296 833 1331.
1563 765 1565 800 ¹

493 945 658 1010 Robertus
689 951 750 1010 eto.
780 943 960 1012 Ademario
993 948 1034 1013 de
1065 945 1183 1012 Scalea
1207 945 1305 1010 militi
1329 944 1402 1018 Re*
1429 944 1435 954 '
1464 941 1518 1008 si·
1565 1019 1567 1038 4

388 1053 474 1134 oilie,
490 1051 635 1132 Vieario,
661 1053 780 1119 dilecto
806 1053 1013 1141 Consiliario,
1036 1054 1189 1119 familiari
1214 1057 1247 1118 et
1270 1052 1360 1118 fideli
1376 1073 1435 1117 suo
1452 1057 1517 1116 ete.

386 1159 453 1226 Pro
470 1159 556 1225 felici
574 1160 843 1227 transfretatione
867 1161 1031 1244 Principis
1046 1160 1156 1226 Incliti
1173 1160 1294 1226 domini
1319 1157 1432 1225 Caroli
1448 1158 1515 1224 Dei

386 1268 496 1352 gratia
511 1266 614 1351 Regis
630 1267 778 1352 Vngarie
794 1271 922 1354 nepotis
939 1271 1042 1335 nostri
1074 1269 1234 1336 carissimi
1251 1273 1434 1351 cumgente
1451 1287 1513 1331 sua

385 1374 426 1440 de
442 1375 614 1442 Sclauonie
631 1377 789 1460 partibus,
807 1401 826 1444 a
843 1379 959 1462 Regno
985 1385 1095 1445 nostro
1120 1378 1247 1444 modico
1262 1376 1346 1443 freto
1362 1375 1512 1442 distanti·
1569 1423 1571 1476 3

384 1484 455 1564 bus,
470 1484 504 1548 in
520 1482 671 1567 Regnum
688 1491 837 1552 nostrum
853 1487 961 1571 ipsum
976 1488 1120 1553 breuiter
1130 1487 1238 1551 venire
1249 1484 1407 1564 debentis,
1418 1485 1510 1548 euius

385 1590 561 1657 aduentum
576 1597 735 1675 tanquam
750 1593 846 1658 nobis
862 1601 895 1661 et
911 1595 972 1659 toti
987 1594 1034 1660 rei
1044 1598 1154 1659 nostre
1164 1591 1292 1678 publice
1310 1592 1510 1657 fructuosum

385 1699 582 1764 auctoritate
598 1697 668 1784 (tgy
687 1706 858 1766 ›auctore‹
890 1699 1028 1785 helyett)
1053 1699 1206 1779 Domino,
1230 1719 1290 1764 nee
1304 1699 1422 1762 merito
1439 1695 1511 1782 (tgy

388 1805 590 1871 ›immerito‹
608 1803 746 1891 helyett)
779 1807 856 1874 letis
888 1807 1058 1874 affectibus
1089 1813 1309 1891 expectamus,
1332 1811 1458 1877 sertum
1476 1807 1511 1870 in

386 1911 473 1977 dicto
489 1912 606 1997 Regno
632 1919 747 1978 nostro
773 1914 852 1979 alibi
878 1935 1048 1979 numerum
1074 1913 1288 1979 vassallorum
1311 1933 1438 1978 armare
1454 1910 1510 1977 de-

385 2020 552 2104 arcuimus,
568 2022 610 2087 ad
625 2021 755 2087 easdem
770 2026 882 2106 partes
914 2021 1085 2088 Sclauonie
1110 2023 1144 2086 in
1161 2020 1226 2087 Dei
1243 2022 1372 2087 nomine
1388 2018 1512 2103 prolec-

385 2133 509 2195 turum.
525 2126 704 2195 Cernentes
730 2130 849 2214 itaque,
875 2152 913 2196 ac
930 2152 1009 2198 sano
1040 2129 1239 2196 diffinientes
1264 2129 1397 2208 iudicio,
1422 2125 1511 2212 quod

385 2237 527 2302 erarium
559 2243 706 2302 nostrum
722 2238 764 2303 ob
781 2237 1019 2322 expeditionem
1045 2237 1184 2303 aliorum
1208 2237 1387 2302 multorum
1411 2256 1510 2318 agen·

383 2344 498 2410 dorum
513 2345 754 2412 confrueutium
771 2347 841 2432 (lgy
860 2346 1129 2414 »confluentium«
1149 2346 1288 2431 helyett)
1304 2344 1398 2411 nobis
1414 2363 1510 2426 pecu-

384 2452 465 2516 niali
482 2452 621 2536 vndiquc
647 2460 816 2520 exaustum
842 2455 997 2540 suffragio
1024 2455 1268 2538 presentialiter
1293 2474 1358 2518 non
1386 2451 1508 2518 sufficit

382 2558 469 2624 bono
487 2559 592 2643 modo,
624 2561 772 2627 consulto
803 2562 1014 2645 prouidimus,
1046 2561 1158 2628 fideles
1189 2566 1320 2627 nostros
1353 2557 1508 2627 Ciuitatis

384 2664 544 2750 Neapolis
558 2690 629 2734 cum
645 2677 752 2737 vestro
768 2673 802 2736 in
818 2673 881 2736 bac
897 2677 989 2753 parte
1005 2654 1180 2752 proposito,
1196 2668 1280 2734 sicut
1296 2691 1316 2734 a
1331 2674 1421 2734 certo
1438 2691 1509 2753 sup-

386 2776 546 2858 ponimus,
563 2777 798 2845 delectabiliter
814 2796 1034 2856 concursuros
1054 2776 1232 2860 prudenter
1258 2776 1376 2870 iuducy
1400 2777 1509 2842 iacere

384 2873 444 2966 pro
460 2883 554 2950 nobis
586 2886 619 2950 in
650 2885 711 2952 hac
742 2895 837 2970 parte
869 2884 1093 2952 subsidialiter
1108 2890 1337 2951 concurrentes
1353 2905 1508 2968 personas

383 2992 598 3075 nauigaturas
615 2994 649 3056 iu
665 3014 726 3059 vno
745 3016 783 3058 ex
800 2993 947 3059 vasoellis
964 2992 1131 3058 armandis
1148 2993 1272 3058 eisdem
1303 2989 1444 3055 solident
1460 2990 1507 3055 sel

382 3098 522 3164 solidare
551 3099 675 3165 faciant
700 3101 740 3166 de
771 3101 908 3184 pecunia
929 3097 1168 3166 Vniuersitatis
1184 3100 1293 3183 ipsius.
1326 3097 1403 3182 Qua
1419 3119 1506 3164 exre

381 3205 534 3272 fidelitati
560 3212 614 3270 tue
632 3210 867 3273 commistimus
895 3214 928 3272 et
951 3206 1144 3271 mandamus
1175 3226 1333 3290 expresse,
1349 3211 1507 3289 quatenus

383 3313 495 3378 fideles
512 3321 642 3379 nostros
659 3313 813 3381 Ciuitatis
829 3315 932 3398 ipsius
948 3314 1166 3380 amicabiliter
1176 3315 1310 3380 inducas
1327 3321 1360 3378 et
1375 3334 1505 3379 moneas

383 3423 486 3486 nostri
502 3423 640 3506 nomine,
657 3424 809 3507 ipsosque
826 3424 945 3488 arteris
961 3423 1166 3488 suasionibus
1184 3423 1365 3505 oportunis,
1381 3422 1505 3506 galeam

383 3551 478 3595 vnam
496 3537 625 3596 arment
641 3532 762 3596 armari
779 3553 839 3615 pro
857 3532 984 3597 duobus
1000 3530 1164 3596 mensibus
1174 3537 1377 3597 moraturam
1394 3532 1504 3598 saltem

381 3658 441 3721 pro
458 3657 556 3703 causa
581 3641 738 3721 premissa
765 3639 798 3703 in
824 3640 945 3704 nostris
970 3639 1117 3723 seruicijs
1133 3638 1256 3705 facient
1281 3643 1452 3722 oportune,
1467 3657 1501 3700 ac

380 3745 452 3827 ipsa
468 3747 651 3832 prouisione
667 3767 787 3827 eorum,
804 3747 990 3824 discretioni
1006 3746 1170 3812 videbitur
1188 3746 1338 3830 expedire
1350 3747 1502 3810 instanter

382 3852 521 3934 ordines,
538 3853 683 3937 qualiter
699 3857 837 3920 armatio
849 3855 1089 3939 ipsaprocedat
1098 3855 1131 3919 in
1141 3855 1287 3934 instanti,
1303 3856 1349 3920 vti
1365 3851 1496 3936 requirit

381 3961 534 4045 urgentia
549 3963 715 4046 temporis,
732 3968 764 4028 et
781 3963 924 4029 conditio
950 3965 1052 4047 exigit
1068 3965 1190 4048 negotij
1218 3964 1335 4029 summi
1351 3958 1497 4027 immensi

382 4071 506 4134 Datum
522 4070 665 4153 Neapoli
690 4071 723 4135 in
741 4091 869 4136 camera
893 4077 1007 4138 nostra
1039 4093 1124 4138 auno
1149 4070 1317 4137 Dommini
1335 4071 1390 4138 Μῠ
1406 4065 1498 4136 COOl

383 4177 531 4242 XXXI⁰
547 4177 599 4244 die
617 4178 730 4243 XXII
738 4191 756 4243 ⁰.
781 4179 863 4264 Maij
890 4179 987 4250 XIV.
1012 4180 1209 4260 indictionis,
1233 4178 1421 4263 Regnorum
1449 4199 1496 4244 uo·

383 4288 524 4351 strorum
536 4307 621 4353 anno
632 4287 773 4352 XXIII.

491 4429 526 4486 (A
547 4431 631 4495 »Bag
655 4431 803 4496 Augioini«
828 4431 861 4479 A.
885 4436 944 4481 281.
958 4449 986 4483 sa
1001 4434 1066 4497 Reg.
1080 4433 1195 4484 Roberti
1209 4434 1241 4484 R.
1256 4438 1297 4484 88.
1312 4435 1374 4498 lev,
1388 4449 1420 4484 az
1432 4433 1497 4485 class

382 4499 434 4550 kir.
456 4499 563 4552 Grande
577 4503 767 4554 Archivioban
780 4502 955 4568 Napolyuan)

870 4647 1026 4658 σ--ι--οι
