3222 5240
370 335 436 398 294
727 347 957 394 niruouaezrnt
977 334 1144 394 intrauere.

370 515 480 576 noster
497 507 615 572 debeat
630 507 677 573 ibi
695 514 876 591 expectare,
892 507 918 569 si
935 505 1113 590 adimplere
1130 507 1291 586 noluerit3
1308 509 1396 574 vadit
1406 531 1488 591 pars,

371 618 458 702 quod
476 616 581 680 dictus
598 615 729 680 nuntius
746 614 845 679 vadat
862 619 894 678 ot
911 614 1063 694 requirat
1079 615 1238 679 bominem
1250 611 1488 680 Anconitanum

371 729 503 808 captum
519 743 578 805 per
594 721 669 786 illos
686 722 727 785 de
743 720 929 804 TarabotiS,
946 741 1042 802 quern
1059 729 1209 806 expectet
1225 723 1340 788 diebus
1357 731 1442 802 octo,
1460 729 1491 787 et

373 834 399 896 si
417 853 488 896 cum
504 829 664 909 habuerit,
690 828 773 893 benc
791 829 930 912 quidem,
956 829 1062 912 aliter,
1087 829 1196 913 elapso
1213 830 1360 912 termino,
1376 830 1492 906 redeat,

375 937 511 1003 dicendo
527 938 560 1002 in
576 938 690 1022 primis
706 937 814 1003 uerbis
832 937 902 1018 sibi,
923 937 1085 1018 quomodo
1101 938 1201 1003 babet
1216 940 1250 1002 iu
1266 938 1427 1003 mandatis
1443 960 1491 1002 ex·

375 1046 528 1130 poetandi
546 1044 657 1109 diebus
673 1051 756 1124 octo,
773 1050 807 1112 rt
823 1043 1017 1109 dictumest.
1033 1045 1085 1109 De
1097 1050 1191 1128 parte
1201 1043 1346 1127 XXXI,
1362 1067 1425 1110 nou
1435 1049 1493 1111 sin-

376 1176 469 1219 cerus
486 1153 513 1236 I,
531 1152 571 1217 de
587 1173 653 1216 non
667 1149 695 1215 I.

488 1332 524 1392 (A
548 1331 657 1380 ›Misit‹
680 1333 771 1380 ozimii
794 1332 931 1381 velenozei
954 1331 1186 1396 tllmnlrdnyvben
1200 1333 1260 1382 XV.
1272 1332 1329 1381 kot.
1343 1335 1385 1382 44.
1399 1333 1460 1391 lev.)

859 1562 1018 1571 Q...-

905 1765 978 1824 306.

383 1921 583 1988 Avclenczei
608 1923 768 2005 kormdny
793 1924 886 1986 leoele
912 1947 933 1987 a
960 1925 1079 1988 bridiri
1101 1927 1133 1988 c‘a
1149 1925 1316 1989 cordorioi
1331 1923 1498 2010 pro'folcboz

597 2026 696 2092 Nona
712 2033 807 2092 odros
823 2029 1010 2094 ltu'rosito'so
1030 2031 1177 2116 iipyo'ben.
1195 2032 1291 2095 1332.

492 2203 591 2270 Anno
609 2202 1408 2274 nominuoooxxxn.uievnnouemuus.
1424 2204 1503 2270 con.
1593 2187 1594 2216 ³

385 2315 492 2382 silium
508 2315 667 2380 nobilium
683 2307 826 2378 viroruni
842 2315 1045 2382 dominorum
1062 2313 1225 2382 Johannis
1240 2311 1428 2395 Valaresso,
1452 2312 1504 2376 Bi-

387 2425 450 2487 siui
467 2421 665 2502 ContaronO,
681 2419 815 2486 Andree
826 2420 970 2487 Michael
981 2422 1118 2488 Comitis
1128 2419 1299 2502 Arbensis,
1312 2420 1504 2486 MarciFus-

317 2613 320 2621 Ι
387 2552 506 2594 careno
523 2535 556 2592 et
573 2527 708 2593 Andree
725 2527 892 2594 Cornario.

494 2634 654 2720 Oapta:
680 2634 786 2719 Super
802 2637 977 2702 ambnxata
993 2636 1097 2702 None.
1121 2637 1319 2701 Examinata
1337 2635 1504 2718 diligenter

387 2743 473 2808 dicta
490 2746 675 2824 ambaxata,
691 2751 723 2808 et
742 2751 829 2808 statu
847 2751 880 2809 et
895 2745 1080 2810 conditione
1098 2742 1183 2807 dioto
1199 2751 1295 2823 terre,
1320 2743 1448 2807 videtur
1463 2743 1505 2806 eis

386 2873 445 2934 pro
462 2850 583 2918 honore
601 2851 721 2916 Duoali
738 2859 769 2916 et
785 2875 845 2934 pro
862 2854 1109 2916 conseruatione
1125 2852 1210 2918 dicte
1228 2857 1324 2931 terre,
1351 2851 1436 2934 quod
1452 2870 1506 2933 per

387 2961 531 3026 Ducales
547 2961 675 3028 litteras
694 2961 856 3026 scribatur
873 2960 1035 3044 Gregorio
1051 2961 1118 3025 filio
1136 2961 1211 3026 olirn
1228 2961 1313 3025 Bani
1331 2961 1433 3040 Pauli,
1449 2955 1506 3022 Co·

390 3071 461 3136 miti
478 3069 584 3136 Paulo
602 3077 635 3134 et
650 3068 799 3134 Mladino
817 3069 893 3132 olirn
911 3068 977 3132 filio
994 3065 1130 3132 Comitis
1149 3067 1293 3152 Georgii,
1309 3067 1366 3132 sed
1383 3064 1507 3130 utrilibet

391 3203 449 3264 pro
467 3203 509 3260 so,
535 3181 681 3263 dicend0,
707 3177 846 3260 qualiter
864 3176 1030 3258 querelam
1047 3197 1182 3257 grauem
1201 3172 1348 3255 Comitis,
1366 3155 1507 3237 Commu-

391 3290 441 3351 nis
459 3293 491 3352 et
511 3288 676 3352 bominum
693 3285 799 3367 None,
824 3283 1016 3347 dilectorum
1033 3282 1179 3346 fidelium
1194 3288 1390 3364 nostrorum,
1414 3301 1507 3363 nuper

391 3396 588 3477 audiuimus,
605 3396 692 3478 quod
708 3396 770 3478 ipsi
787 3415 852 3458 non
869 3393 1010 3457 contenti
1028 3390 1068 3454 de
1085 3391 1151 3456 alia
1162 3391 1405 3473 depredatione,
1421 3409 1510 3471 quam

393 3507 503 3586 inique
520 3504 601 3567 alias
617 3505 650 3568 in
663 3504 765 3566 dictos
778 3503 817 3567 de
829 3500 927 3565 Nona
944 3501 1185 3578 commiserunt,
1200 3519 1259 3561 noo
1269 3497 1334 3562 ulla
1344 3497 1420 3561 inde
1430 3496 1510 3558 lacta

396 3613 619 3677 satisfactione
636 3611 686 3675 vel
703 3611 838 3674 emenda
854 3609 977 3692 pluries
993 3607 1153 3690 requisiti,
1171 3627 1273 3688 nuper
1289 3605 1446 3668 demenso
1457 3603 1511 3667 Oc-

395 3721 497 3785 tobris
522 3719 667 3802 proxime
693 3718 849 3800 preteriti,
877 3716 989 3798 peiora
1014 3711 1248 3778 accumulando
1264 3711 1436 3794 prioribuS,
1460 3729 1511 3790 per

396 3835 525 3911 gentem
552 3849 662 3890 eorum
689 3825 842 3890 derobari
867 3825 1014 3888 fecerunt
1029 3821 1183 3886 animalia
1200 3826 1233 3884 et
1247 3820 1334 3884 bona
1351 3819 1443 3883 Petri
1458 3816 1514 3882 bli-

397 3937 489 4001 chael
505 3935 618 4000 militis
636 3935 715 3998 riuis
727 3933 820 3998 Nono
838 3936 871 3996 in
882 3933 960 3996 uilla
971 3930 1183 4011 Zochorarie,
1200 3935 1232 3992 et
1244 3927 1434 3992 secundario
1446 3927 1513 3987 ante

397 4053 511 4127 plutas
527 4043 621 4108 Nouo
649 4043 799 4106 similiter
825 4041 1093 4122 depredationem
1119 4035 1357 4113 commiserunt,
1383 4033 1465 4096 bona
1488 4036 1514 4090 et

400 4155 554 4218 animalia
574 4152 740 4216 hominurn
757 4149 851 4214 None
868 4149 1075 4231 asportando,
1093 4167 1155 4228 que
1174 4149 1360 4226 potuerunt.
1385 4139 1454 4224 Que
1471 4138 1515 4199 ‹le-

400 4264 589 4328 robationes
615 4267 743 4324 tontum
769 4259 862 4324 nobis
883 4257 1057 4341 displicent
1073 4261 1106 4318 et
1123 4259 1198 4318 suut
1217 4273 1343 4334 graues,
1370 4251 1515 4331 quantum

400 4374 470 4454 plus
489 4375 623 4453 possunt
640 4377 671 4432 et
689 4368 826 4447 debeut3
843 4389 903 4430 nee
919 4386 1086 4449 possemus
1104 4362 1237 4428 ulterius
1253 4358 1414 4434 tollerare,
1441 4349 1516 4436 (prod

401 4483 463 4563 ipsi
490 4481 595 4542 nostri
621 4477 732 4542 lideles
758 4483 864 4540 essent
890 4475 1003 4537 taliter
1020 4472 1061 4536 ab
1077 4471 1155 4554 ipsis
1172 4469 1221 4533 vel
1239 4467 1312 4533 aliis
1329 4461 1518 4529 damnificati
