3222 5240
432 331 497 392 320
793 341 1027 392 nrrrouaczral
1043 331 1209 392 sustuna.

429 503 510 568 locis
534 503 666 568 decreto
691 501 749 568 tibi
776 501 958 584 Prouincie,
983 524 1045 587 que
1071 503 1222 570 similiter
1247 505 1281 570 in
1305 504 1410 588 galeis
1426 507 1563 573 armatis

431 630 515 676 nunc
530 610 645 675 vltimo
662 607 702 674 de
719 630 829 676 mense
845 608 1000 696 Januerij
1019 611 1181 694 presentis
1206 613 1284 678 anni
1301 613 1445 680 secunde
1461 613 1562 681 indic-

428 719 527 785 tionis
551 719 586 782 in
602 718 700 783 dictis
716 717 840 801 Apulie
856 716 1005 802 pertibus
1021 738 1082 802 pro
1099 717 1207 785 reditu
1226 719 1307 785 dicti
1322 718 1428 805 Regis
1445 722 1563 789 abinde

428 826 470 894 ed
495 826 602 892 dictas
617 831 727 909 partes
744 823 920 892 Sclauonie
940 825 1080 892 solidate
1092 847 1151 910 per
1169 827 1305 892 candem
1330 825 1470 894 Curiam
1485 831 1561 895 exti-

428 940 556 1016 terunt;
571 933 711 1018 receptis
721 939 896 1018 propterca
905 955 926 999 a
935 934 1024 1000 dicte
1035 932 1139 1000 Curia
1154 940 1270 1003 nostra
1284 934 1469 1021 stipendijs‚
1485 955 1561 1002 non·

428 1041 505 1109 dum
530 1042 596 1108 illis
612 1043 756 1108 emeritis
772 1041 812 1108 de
831 1042 936 1125 galeis
946 1041 1152 1124 aufugientes
1163 1043 1283 1108 eisdem
1299 1043 1455 1110 cumillis
1472 1063 1560 1110 acce-

428 1151 505 1216 dere
520 1157 641 1216 temere
657 1154 921 1235 contempscmmt
937 1149 1158 1217 nonminusin
1168 1151 1414 1236 prorogationis
1424 1153 1562 1237 nauiga-

428 1258 526 1324 tionis
537 1252 698 1324 dictarum
718 1256 896 1341 galearum,
913 1278 1010 1341 quom
1027 1256 1113 1323 dicte
1129 1262 1242 1323 nostre
1259 1253 1357 1322 Ourie
1373 1278 1433 1340 per
1449 1259 1561 1342 inpen-

426 1364 517 1432 dium
541 1371 574 1432 ct
593 1372 821 1449 contemptum.
840 1363 910 1431 Nos
934 1363 1044 1447 itaque
1071 1364 1301 1452 aduertondes,
1319 1364 1561 1449 quodpropter

426 1473 614 1540 huiusmodi
622 1475 817 1542 temerarias
831 1473 926 1557 fugas
943 1473 1105 1540 dictorum
1121 1473 1343 1554 romariorum,
1354 1480 1390 1539 et
1403 1495 1561 1558 persona

425 1602 505 1664 rum,
522 1603 587 1665 que
610 1581 742 1649 fuerunt
766 1581 939 1649 retroactis
964 1580 1168 1666 temporibus
1198 1582 1241 1648 ad
1272 1579 1496 1648 accedendum
1526 1582 1562 1647 in

426 1691 561 1756 armatis
585 1691 706 1756 nostris
731 1689 890 1756 mertimis
915 1688 1065 1771 solidate,
1089 1710 1226 1774 persepe
1247 1688 1337 1755 dicta
1361 1687 1469 1755 Curia
1493 1689 1560 1754 dis·

428 1800 548 1882 pendia
572 1821 691 1885 magna
725 1799 910 1881 tulit31icet
936 1799 1132 1882 quandoque
1149 1818 1213 1865 nou
1229 1798 1322 1863 iuxta
1337 1798 1487 1882 ipsarum
1506 1797 1561 1862 de·

427 1907 546 1973 merita
571 1927 728 1991 personas
753 1907 843 1990 ipsas
867 1906 1149 1989 mandauerimus,
1174 1904 1310 1990 proinde
1336 1903 1450 1970 debita
1475 1925 1563 1990 pena

424 2013 524 2099 plecti
555 2014 765 2099 prouidimus,
796 2037 836 2080 ne
862 2013 943 2104 dicti
968 2013 1098 2098 iugitiui
1124 2011 1561 2097 talieimpunecommisisse

423 2122 575 2205 letentur,
599 2121 775 2207 aliqualem
801 2121 955 2205 proinde,
980 2122 1056 2188 licet
1071 2142 1130 2187 nos
1156 2121 1310 2202 debitam,
1325 2126 1425 2205 prout
1442 2119 1561 2186 subse·

425 2233 536 2314 quitur
560 2251 678 2315 penam
702 2230 803 2296 luant
834 2228 946 2322 Quare
962 2229 1109 2296 volumus
1125 2233 1159 2294 et
1172 2227 1326 2295 fidelitati
1342 2233 1399 2292 tuo
1415 2248 1554 2311 presen-

425 2341 508 2406 tium
523 2345 637 2404 tenore
646 2338 877 2405 committimus
887 2345 919 2405 et
929 2338 1132 2420 mandamus,
1146 2337 1258 2402 utiam
1268 2334 1374 2401 dictos
1389 2334 1557 2418 fugitiuos

424 2446 464 2512 de
489 2447 656 2531 premissis
680 2447 904 2531 pecunialiter,
928 2453 1027 2530 prout
1051 2444 1299 2529 uniuscuiusque
1315 2443 1461 2527 ipsorum
1479 2463 1557 2509 con·

424 2553 507 2620 ditio
534 2555 650 2638 exiget,
677 2563 709 2620 et
735 2555 933 2624 discretioni¹
964 2561 1019 2620 tue
1050 2552 1222 2638 videbitur,
1238 2552 1285 2617 sic
1300 2552 1418 2636 punias
1435 2558 1468 2616 et
1484 2571 1556 2618 cas·

423 2661 518 2744 tigeS,
536 2661 623 2745 quod
649 2664 695 2728 eis
720 2662 816 2729 cedat
840 2663 883 2729 ad
907 2683 1024 2746 penam
1050 2668 1083 2726 et
1108 2660 1183 2746 alijs
1197 2661 1232 2725 iu
1248 2659 1449 2742 exemplum
1465 2657 1555 2724 adeo

423 2770 509 2854 quod
539 2769 667 2854 punitio
698 2777 731 2836 et
760 2770 935 2854 castigatio
965 2771 1037 2854 ipsa
1060 2776 1151 2834 tuam
1176 2767 1412 2834 humanitatem
1437 2767 1554 2850 potius

421 2878 552 2963 sapiant
575 2898 673 2960 quam
697 2879 850 2959 rigorem.
876 2874 1021 2942 Nomina
1044 2895 1123 2946 uero
1148 2881 1182 2940 et
1199 2873 1393 2958 cognomina
1407 2872 1556 2945 illorum,

422 2988 479 3070 qui
510 2985 709 3071 aufugerunt
739 2986 780 3051 de
811 2985 921 3070 galcis,
946 2984 1135 3051 reuersicne
1159 2984 1304 3067 ipsarum
1330 2982 1371 3049 de
1398 2983 1555 3067 partibus

419 3091 539 3178 Apulie
565 3092 740 3178 Neapolim
766 3114 804 3160 ac
828 3099 1002 3176 terrarum,
1028 3093 1209 3177 dequibus
1235 3096 1311 3158 sunt
1330 3091 1470 3172 oriundi,
1487 3091 1552 3158 hec

420 3223 489 3268 esse
515 3201 669 3268 dicuntur
685 3201 746 3268 stb.
764 3201 906 3268 Nomina
921 3203 1053 3286 insuper
1069 3206 1102 3266 et
1117 3200 1309 3285 cognomina
1323 3198 1473 3281 aliorum,
1493 3199 1553 3282 qui

420 3305 1552 3393 aufugeruntdegaleisiureuersionediotiRegisVnga·

419 3415 485 3480 ric
508 3415 548 3482 de
574 3417 661 3482 dioto
688 3440 797 3485 mense
821 3420 988 3504 Jauuarij,
1016 3425 1049 3484 et
1067 3423 1230 3484 terrerum
1247 3414 1286 3480 de
1303 3414 1422 3498 quibus
1438 3421 1552 3488 traxe·

420 3529 496 3588 sunt
505 3524 662 3608 originem
673 3533 747 3592 sunt
758 3528 826 3608 hcc,
836 3527 990 3594 uidelicet
1000 3527 1062 3594 stb.
1072 3527 1197 3596 Datum
1206 3525 1552 3614 NeapoljinCamera

418 3637 530 3697 nostra
540 3652 625 3698 enno
635 3632 768 3700 Domini
777 3634 834 3701 Μο
848 3633 953 3703 000⁰
963 3635 1167 3704 ΧΧΧΠΠο
1177 3637 1229 3702 die
1246 3635 1386 3706 XXVI.
1400 3637 1570 3703 Februa·-

416 3739 457 3821 rij
475 3737 521 3803 Π.
535 3739 723 3808 indictionis
739 3742 928 3827 Regnorum
944 3751 1129 3813 nostrorum
1146 3768 1231 3813 anno
1247 3743 1365 3812 XXV.

525 3901 560 3968 (A
585 3903 724 3970 »Registri
737 3907 887 3972 Angioini«
898 3907 929 3958 B.
944 3912 1004 3961 292.
1015 3923 1051 3960 az.
1069 3909 1137 3976 Reg.
1150 3907 1267 3960 [teberti
1280 3907 1313 3961 R.
1327 3907 1467 3960 kdtettbdl
1485 3914 1548 3962 190.

414 4001 485 4066 lev.;
499 4009 526 4051 u.
540 3995 579 4060 o.)
