<?xml version="1.0" encoding="UTF-8"?>
<!DOCTYPE html PUBLIC "-//W3C//DTD XHTML 1.0 Transitional//EN"
    "http://www.w3.org/TR/xhtml1/DTD/xhtml1-transitional.dtd">
<html xmlns="http://www.w3.org/1999/xhtml" xml:lang="en" lang="en">
 <head>
  <title>
</title>
<meta http-equiv="Content-Type" content="text/html;charset=utf-8" />
  <meta name='ocr-system' content='tesseract 3.04.00' />
  <meta name='ocr-capabilities' content='ocr_page ocr_carea ocr_par ocr_line ocrx_word'/>
</head>
<body>
  <div class='ocr_page' id='page_1' title='image "./magyardiplomacz02wenzgoog_0051.png"; bbox 0 0 3234 5238; ppageno 0'>
   <div class='ocr_carea' id='block_1_1' title="bbox 609 311 1216 390">
    <p class='ocr_par' dir='ltr' id='par_1_1' title="bbox 609 311 1216 390">
     <span class='ocr_line' id='line_1_1' title="bbox 609 311 1216 390; baseline 0.012 -8"><span class='ocrx_word' id='word_1_1' title='bbox 609 311 704 382; x_wconf 75' lang='grc'><strong>1169.</strong></span> <span class='ocrx_word' id='word_1_2' title='bbox 1176 321 1216 390; x_wconf 76' lang='lat'><strong>15</strong></span> 
     </span>
    </p>
   </div>
   <div class='ocr_carea' id='block_1_2' title="bbox 3 493 1243 4546">
    <p class='ocr_par' dir='ltr' id='par_1_2' title="bbox 3 493 1218 4226">
     <span class='ocr_line' id='line_1_2' title="bbox 88 493 1216 580; baseline 0.011 -26"><span class='ocrx_word' id='word_1_3' title='bbox 88 495 246 571; x_wconf 90' lang='lat' dir='ltr'><strong>quatenus</strong></span> <span class='ocrx_word' id='word_1_4' title='bbox 266 493 406 558; x_wconf 88' lang='lat' dir='ltr'><strong>constito</strong></span> <span class='ocrx_word' id='word_1_5' title='bbox 422 494 485 558; x_wconf 91' lang='lat' dir='ltr'><strong>tibi</strong></span> <span class='ocrx_word' id='word_1_6' title='bbox 508 495 599 577; x_wconf 89' lang='lat' dir='ltr'><strong>prius</strong></span> <span class='ocrx_word' id='word_1_7' title='bbox 620 493 660 558; x_wconf 90' lang='lat' dir='ltr'><strong>de</strong></span> <span class='ocrx_word' id='word_1_8' title='bbox 686 495 872 578; x_wconf 88' lang='lat' dir='ltr'><strong>quantitate</strong></span> <span class='ocrx_word' id='word_1_9' title='bbox 899 499 1035 580; x_wconf 85' lang='lat' dir='ltr'>pecunie</span> <span class='ocrx_word' id='word_1_10' title='bbox 1065 507 1216 566; x_wconf 87' lang='lat' dir='ltr'><strong>mutuata</strong></span> 
     </span>
     <span class='ocr_line' id='line_1_3' title="bbox 89 601 1216 687; baseline 0.012 -27"><span class='ocrx_word' id='word_1_11' title='bbox 89 617 222 681; x_wconf 84' lang='lat' dir='ltr'><strong>percos</strong></span> <span class='ocrx_word' id='word_1_12' title='bbox 256 601 319 666; x_wconf 93' lang='lat' dir='ltr'><strong>tibi</strong></span> <span class='ocrx_word' id='word_1_13' title='bbox 335 602 387 666; x_wconf 84' lang='lat' dir='ltr'><strong>vel</strong></span> <span class='ocrx_word' id='word_1_14' title='bbox 418 602 665 686; x_wconf 81' lang='lat' dir='ltr'><strong>quibuscunque</strong></span> <span class='ocrx_word' id='word_1_15' title='bbox 697 626 756 687; x_wconf 94' lang='lat' dir='ltr'><strong>pro</strong></span> <span class='ocrx_word' id='word_1_16' title='bbox 782 611 876 687; x_wconf 91' lang='lat' dir='ltr'><strong>parte</strong></span> <span class='ocrx_word' id='word_1_17' title='bbox 901 602 1000 672; x_wconf 82' lang='lat' dir='ltr'><strong>Curis</strong></span> <span class='ocrx_word' id='word_1_18' title='bbox 1032 615 1144 673; x_wconf 90' lang='lat' dir='ltr'><strong>nostre</strong></span> <span class='ocrx_word' id='word_1_19' title='bbox 1177 607 1216 674; x_wconf 89' lang='lat' dir='ltr'><strong>de</strong></span> 
     </span>
     <span class='ocr_line' id='line_1_4' title="bbox 92 707 1217 798; baseline 0.011 -29"><span class='ocrx_word' id='word_1_20' title='bbox 92 712 203 771; x_wconf 89' lang='lat' dir='ltr'><strong>nostro</strong></span> <span class='ocrx_word' id='word_1_21' title='bbox 218 707 385 791; x_wconf 88' lang='lat' dir='ltr'><strong>mandato,</strong></span> <span class='ocrx_word' id='word_1_22' title='bbox 401 715 434 773; x_wconf 89' lang='lat' dir='ltr'><strong>et</strong></span> <span class='ocrx_word' id='word_1_23' title='bbox 458 711 545 791; x_wconf 90' lang='lat' dir='ltr'><strong>qnod</strong></span> <span class='ocrx_word' id='word_1_24' title='bbox 562 711 607 776; x_wconf 77' lang='lat' dir='ltr'><strong>eis</strong></span> <span class='ocrx_word' id='word_1_25' title='bbox 623 711 663 776; x_wconf 91' lang='lat' dir='ltr'><strong>de</strong></span> <span class='ocrx_word' id='word_1_26' title='bbox 688 717 837 778; x_wconf 88' lang='lat' dir='ltr'><strong>mutuata</strong></span> <span class='ocrx_word' id='word_1_27' title='bbox 861 735 919 796; x_wconf 90' lang='lat' dir='ltr'><strong>per</strong></span> <span class='ocrx_word' id='word_1_28' title='bbox 949 736 1004 778; x_wconf 90' lang='lat' dir='ltr'><strong>eos</strong></span> <span class='ocrx_word' id='word_1_29' title='bbox 1031 717 1217 798; x_wconf 85' lang='lat' dir='ltr'><strong>quantitate</strong></span> 
     </span>
     <span class='ocr_line' id='line_1_5' title="bbox 94 814 1217 904; baseline 0.009 -28"><span class='ocrx_word' id='word_1_30' title='bbox 94 815 227 896; x_wconf 80' lang='lat' dir='ltr'><strong>pecunie</strong></span> <span class='ocrx_word' id='word_1_31' title='bbox 258 814 465 882; x_wconf 85' lang='lat' dir='ltr'><strong>satisfactum</strong></span> <span class='ocrx_word' id='word_1_32' title='bbox 482 839 546 882; x_wconf 93' lang='lat' dir='ltr'><strong>non</strong></span> <span class='ocrx_word' id='word_1_33' title='bbox 562 819 605 882; x_wconf 87' lang='lat' dir='ltr'><strong>sit</strong></span> <span class='ocrx_word' id='word_1_34' title='bbox 621 819 654 883; x_wconf 91' lang='lat' dir='ltr'><strong>in</strong></span> <span class='ocrx_word' id='word_1_35' title='bbox 671 825 766 902; x_wconf 88' lang='lat' dir='ltr'><strong>parte</strong></span> <span class='ocrx_word' id='word_1_36' title='bbox 782 820 833 884; x_wconf 90' lang='lat' dir='ltr'><strong>vel</strong></span> <span class='ocrx_word' id='word_1_37' title='bbox 849 821 881 884; x_wconf 89' lang='lat' dir='ltr'><strong>in</strong></span> <span class='ocrx_word' id='word_1_38' title='bbox 899 828 1024 902; x_wconf 75' lang='lat' dir='ltr'><strong>totum,</strong></span> <span class='ocrx_word' id='word_1_39' title='bbox 1051 822 1090 886; x_wconf 90' lang='lat' dir='ltr'><strong>de</strong></span> <span class='ocrx_word' id='word_1_40' title='bbox 1117 845 1217 904; x_wconf 87' lang='lat' dir='ltr'><strong>quan-</strong></span> 
     </span>
     <span class='ocr_line' id='line_1_6' title="bbox 90 921 1217 1010; baseline 0.011 -27"><span class='ocrx_word' id='word_1_41' title='bbox 90 921 186 984; x_wconf 89' lang='lat' dir='ltr'><strong>titate</strong></span> <span class='ocrx_word' id='word_1_42' title='bbox 203 923 347 1005; x_wconf 85' lang='lat' dir='ltr'><strong>pecunie,</strong></span> <span class='ocrx_word' id='word_1_43' title='bbox 364 943 424 1006; x_wconf 88' lang='lat' dir='ltr'><strong>pro</strong></span> <span class='ocrx_word' id='word_1_44' title='bbox 440 944 505 1007; x_wconf 90' lang='lat' dir='ltr'><strong>qua</strong></span> <span class='ocrx_word' id='word_1_45' title='bbox 523 924 670 990; x_wconf 87' lang='lat' dir='ltr'><strong>soluendi</strong></span> <span class='ocrx_word' id='word_1_46' title='bbox 687 933 761 991; x_wconf 89' lang='lat' dir='ltr'><strong>sunt</strong></span> <span class='ocrx_word' id='word_1_47' title='bbox 778 947 817 990; x_wconf 86' lang='lat' dir='ltr'><strong>ex</strong></span> <span class='ocrx_word' id='word_1_48' title='bbox 842 929 1002 1010; x_wconf 88' lang='lat' dir='ltr'><strong>computis</strong></span> <span class='ocrx_word' id='word_1_49' title='bbox 1027 929 1083 1010; x_wconf 89' lang='lat' dir='ltr'><strong>eis,</strong></span> <span class='ocrx_word' id='word_1_50' title='bbox 1107 936 1139 992; x_wconf 91' lang='lat' dir='ltr'><strong>et</strong></span> <span class='ocrx_word' id='word_1_51' title='bbox 1164 929 1217 996; x_wconf 88' lang='lat' dir='ltr'><strong>de-</strong></span> 
     </span>
     <span class='ocr_line' id='line_1_7' title="bbox 6 1027 1218 1118; baseline 0.007 -27"><span class='ocrx_word' id='word_1_52' title='bbox 6 1106 11 1114; x_wconf 34' lang='grc'>,</span> <span class='ocrx_word' id='word_1_53' title='bbox 101 1027 201 1094; x_wconf 87' lang='lat' dir='ltr'><strong>ducas</strong></span> <span class='ocrx_word' id='word_1_54' title='bbox 216 1028 298 1096; x_wconf 89' lang='lat' dir='ltr'><strong>bene</strong></span> <span class='ocrx_word' id='word_1_55' title='bbox 314 1037 347 1096; x_wconf 90' lang='lat' dir='ltr'><strong>et</strong></span> <span class='ocrx_word' id='word_1_56' title='bbox 362 1029 505 1096; x_wconf 86' lang='lat' dir='ltr'><strong>fideliter</strong></span> <span class='ocrx_word' id='word_1_57' title='bbox 521 1031 561 1096; x_wconf 91' lang='lat' dir='ltr'><strong>de</strong></span> <span class='ocrx_word' id='word_1_58' title='bbox 580 1033 775 1116; x_wconf 90' lang='lat' dir='ltr'><strong>quantitate,</strong></span> <span class='ocrx_word' id='word_1_59' title='bbox 790 1036 822 1097; x_wconf 94' lang='lat' dir='ltr'><strong>in</strong></span> <span class='ocrx_word' id='word_1_60' title='bbox 840 1056 904 1116; x_wconf 93' lang='lat' dir='ltr'><strong>qua</strong></span> <span class='ocrx_word' id='word_1_61' title='bbox 921 1035 1008 1118; x_wconf 89' lang='lat' dir='ltr'><strong>ipsos</strong></span> <span class='ocrx_word' id='word_1_62' title='bbox 1023 1038 1128 1101; x_wconf 86' lang='lat' dir='ltr'><strong>taxari</strong></span> <span class='ocrx_word' id='word_1_63' title='bbox 1145 1058 1218 1102; x_wconf 91' lang='lat' dir='ltr'><strong>con-</strong></span> 
     </span>
     <span class='ocr_line' id='line_1_8' title="bbox 89 1135 1216 1226; baseline 0.008 -27"><span class='ocrx_word' id='word_1_64' title='bbox 89 1135 202 1218; x_wconf 84' lang='lat' dir='ltr'><strong>tigerit</strong></span> <span class='ocrx_word' id='word_1_65' title='bbox 217 1137 251 1200; x_wconf 93' lang='lat' dir='ltr'><strong>in</strong></span> <span class='ocrx_word' id='word_1_66' title='bbox 266 1139 364 1203; x_wconf 81' lang='lat' dir='ltr'><strong>ternis</strong></span> <span class='ocrx_word' id='word_1_67' title='bbox 380 1159 492 1204; x_wconf 89' lang='lat' dir='ltr'><strong>eorum</strong></span> <span class='ocrx_word' id='word_1_68' title='bbox 508 1139 542 1204; x_wconf 89' lang='lat' dir='ltr'><strong>in</strong></span> <span class='ocrx_word' id='word_1_69' title='bbox 559 1140 769 1206; x_wconf 88' lang='lat' dir='ltr'><strong>subuentione</strong></span> <span class='ocrx_word' id='word_1_70' title='bbox 785 1143 936 1223; x_wconf 87' lang='lat' dir='ltr'><strong>presenti.</strong></span> <span class='ocrx_word' id='word_1_71' title='bbox 954 1139 990 1208; x_wconf 84' lang='lat' dir='ltr'><strong>Si</strong></span> <span class='ocrx_word' id='word_1_72' title='bbox 1015 1164 1090 1210; x_wconf 86' lang='lat' dir='ltr'><strong>vero</strong></span> <span class='ocrx_word' id='word_1_73' title='bbox 1117 1165 1216 1226; x_wconf 88' lang='lat' dir='ltr'><strong>quan·</strong></span> 
     </span>
     <span class='ocr_line' id='line_1_9' title="bbox 87 1243 1215 1331; baseline 0.007 -25"><span class='ocrx_word' id='word_1_74' title='bbox 87 1243 165 1308; x_wconf 86' lang='lat' dir='ltr'><strong>titas</strong></span> <span class='ocrx_word' id='word_1_75' title='bbox 181 1245 326 1326; x_wconf 85' lang='lat' dir='ltr'><strong>pecunie,</strong></span> <span class='ocrx_word' id='word_1_76' title='bbox 343 1266 402 1328; x_wconf 93' lang='lat' dir='ltr'><strong>pro</strong></span> <span class='ocrx_word' id='word_1_77' title='bbox 423 1265 487 1327; x_wconf 89' lang='lat' dir='ltr'><strong>qua</strong></span> <span class='ocrx_word' id='word_1_78' title='bbox 513 1246 659 1312; x_wconf 91' lang='lat' dir='ltr'><strong>soluendi</strong></span> <span class='ocrx_word' id='word_1_79' title='bbox 685 1253 760 1312; x_wconf 89' lang='lat' dir='ltr'><strong>sunt</strong></span> <span class='ocrx_word' id='word_1_80' title='bbox 785 1270 845 1331; x_wconf 89' lang='lat' dir='ltr'><strong>pro</strong></span> <span class='ocrx_word' id='word_1_81' title='bbox 870 1249 1059 1316; x_wconf 88' lang='lat' dir='ltr'><strong>huiusmodi</strong></span> <span class='ocrx_word' id='word_1_82' title='bbox 1086 1249 1215 1330; x_wconf 85' lang='lat' dir='ltr'><strong>mutuis,</strong></span> 
     </span>
     <span class='ocr_line' id='line_1_10' title="bbox 86 1354 1214 1440; baseline 0.006 -25"><span class='ocrx_word' id='word_1_83' title='bbox 86 1354 261 1417; x_wconf 82' lang='lat' dir='ltr'><strong>excesserit</strong></span> <span class='ocrx_word' id='word_1_84' title='bbox 287 1355 503 1434; x_wconf 78' lang='lat' dir='ltr'><strong>quantitatem</strong></span> <span class='ocrx_word' id='word_1_85' title='bbox 538 1355 713 1420; x_wconf 86' lang='lat' dir='ltr'><strong>taxationis</strong></span> <span class='ocrx_word' id='word_1_86' title='bbox 749 1375 860 1420; x_wconf 87' lang='lat' dir='ltr'><strong>eorum</strong></span> <span class='ocrx_word' id='word_1_87' title='bbox 897 1358 1119 1424; x_wconf 88' lang='lat' dir='ltr'><strong>subuentionis</strong></span> <span class='ocrx_word' id='word_1_88' title='bbox 1143 1379 1214 1440; x_wconf 91' lang='lat' dir='ltr'><strong>pre-</strong></span> 
     </span>
     <span class='ocr_line' id='line_1_11' title="bbox 6 1459 1216 1547; baseline 0.007 -26"><span class='ocrx_word' id='word_1_89' title='bbox 6 1465 8 1468; x_wconf 82' lang='grc'><strong>’</strong></span> <span class='ocrx_word' id='word_1_90' title='bbox 88 1459 208 1539; x_wconf 86' lang='grc'><strong>1111111;</strong></span> <span class='ocrx_word' id='word_1_91' title='bbox 224 1462 455 1544; x_wconf 79' lang='lat' dir='ltr'><strong>quantitatem,</strong></span> <span class='ocrx_word' id='word_1_92' title='bbox 470 1483 533 1543; x_wconf 91' lang='lat' dir='ltr'><strong>que</strong></span> <span class='ocrx_word' id='word_1_93' title='bbox 548 1463 735 1541; x_wconf 81' lang='lat' dir='ltr'><strong>excesserit,</strong></span> <span class='ocrx_word' id='word_1_94' title='bbox 751 1463 791 1526; x_wconf 89' lang='lat' dir='ltr'><strong>dc</strong></span> <span class='ocrx_word' id='word_1_95' title='bbox 807 1466 948 1546; x_wconf 90' lang='lat' dir='ltr'><strong>pecunia</strong></span> <span class='ocrx_word' id='word_1_96' title='bbox 965 1466 1124 1547; x_wconf 90' lang='lat' dir='ltr'><strong>presentis</strong></span> <span class='ocrx_word' id='word_1_97' title='bbox 1141 1466 1216 1530; x_wconf 87' lang='lat' dir='ltr'><strong>sub·</strong></span> 
     </span>
     <span class='ocr_line' id='line_1_12' title="bbox 87 1567 1216 1637; baseline 0.006 -7"><span class='ocrx_word' id='word_1_98' title='bbox 87 1567 251 1632; x_wconf 88' lang='lat' dir='ltr'><strong>uentionis</strong></span> <span class='ocrx_word' id='word_1_99' title='bbox 266 1571 431 1632; x_wconf 87' lang='lat' dir='ltr'><strong>terrarum</strong></span> <span class='ocrx_word' id='word_1_100' title='bbox 448 1587 560 1631; x_wconf 89' lang='lat' dir='ltr'><strong>eorum</strong></span> <span class='ocrx_word' id='word_1_101' title='bbox 577 1569 645 1632; x_wconf 90' lang='lat' dir='ltr'><strong>siue</strong></span> <span class='ocrx_word' id='word_1_102' title='bbox 662 1568 799 1634; x_wconf 86' lang='lat' dir='ltr'><strong>aliarum</strong></span> <span class='ocrx_word' id='word_1_103' title='bbox 825 1577 988 1636; x_wconf 77' lang='lat' dir='ltr'><strong>terrarum</strong></span> <span class='ocrx_word' id='word_1_104' title='bbox 1011 1570 1037 1636; x_wconf 89' lang='lat' dir='ltr'><strong>J</strong></span> <span class='ocrx_word' id='word_1_105' title='bbox 1038 1572 1216 1637; x_wconf 85' lang='lat' dir='ltr'><strong>ostitiaria-</strong></span> 
     </span>
     <span class='ocr_line' id='line_1_13' title="bbox 89 1675 1213 1760; baseline 0.005 -22"><span class='ocrx_word' id='word_1_106' title='bbox 89 1684 139 1739; x_wconf 87' lang='lat' dir='ltr'><strong>tus</strong></span> <span class='ocrx_word' id='word_1_107' title='bbox 165 1677 227 1758; x_wconf 88' lang='lat' dir='ltr'><strong>tui,</strong></span> <span class='ocrx_word' id='word_1_108' title='bbox 251 1678 320 1741; x_wconf 89' lang='lat' dir='ltr'><strong>sine</strong></span> <span class='ocrx_word' id='word_1_109' title='bbox 352 1675 546 1740; x_wconf 86' lang='lat' dir='ltr'><strong>difficultate</strong></span> <span class='ocrx_word' id='word_1_110' title='bbox 577 1682 611 1740; x_wconf 91' lang='lat' dir='ltr'><strong>et</strong></span> <span class='ocrx_word' id='word_1_111' title='bbox 642 1676 855 1742; x_wconf 87' lang='lat' dir='ltr'><strong>diminutione</strong></span> <span class='ocrx_word' id='word_1_112' title='bbox 888 1680 1043 1760; x_wconf 89' lang='lat' dir='ltr'><strong>qualibet,</strong></span> <span class='ocrx_word' id='word_1_113' title='bbox 1059 1700 1124 1744; x_wconf 90' lang='lat' dir='ltr'><strong>una</strong></span> <span class='ocrx_word' id='word_1_114' title='bbox 1142 1699 1213 1744; x_wconf 89' lang='lat' dir='ltr'><strong>cum</strong></span> 
     </span>
     <span class='ocr_line' id='line_1_14' title="bbox 86 1783 1217 1866; baseline 0.001 -16"><span class='ocrx_word' id='word_1_115' title='bbox 86 1783 210 1850; x_wconf 83' lang='lat' dir='ltr'><strong>Erario</strong></span> <span class='ocrx_word' id='word_1_116' title='bbox 225 1788 332 1848; x_wconf 88' lang='lat' dir='ltr'><strong>tecum</strong></span> <span class='ocrx_word' id='word_1_117' title='bbox 348 1789 498 1848; x_wconf 91' lang='lat' dir='ltr'><strong>morante</strong></span> <span class='ocrx_word' id='word_1_118' title='bbox 516 1783 644 1864; x_wconf 85' lang='lat' dir='ltr'><strong>integre</strong></span> <span class='ocrx_word' id='word_1_119' title='bbox 661 1785 707 1848; x_wconf 90' lang='lat' dir='ltr'><strong>eis</strong></span> <span class='ocrx_word' id='word_1_120' title='bbox 724 1786 879 1850; x_wconf 88' lang='lat' dir='ltr'><strong>restituas</strong></span> <span class='ocrx_word' id='word_1_121' title='bbox 895 1785 963 1852; x_wconf 89' lang='lat' dir='ltr'><strong>sine</strong></span> <span class='ocrx_word' id='word_1_122' title='bbox 989 1805 1100 1866; x_wconf 86' lang='lat' dir='ltr'><strong>mora;</strong></span> <span class='ocrx_word' id='word_1_123' title='bbox 1125 1785 1217 1851; x_wconf 90' lang='lat' dir='ltr'><strong>nulla</strong></span> 
     </span>
     <span class='ocr_line' id='line_1_15' title="bbox 60 1889 1216 1974; baseline 0.006 -21"><span class='ocrx_word' id='word_1_124' title='bbox 60 1892 142 1971; x_wconf 79' lang='lat' dir='ltr'><strong>&#39;per</strong></span> <span class='ocrx_word' id='word_1_125' title='bbox 158 1897 195 1954; x_wconf 88' lang='grc'><strong>11</strong></span> <span class='ocrx_word' id='word_1_126' title='bbox 212 1889 263 1953; x_wconf 82' lang='lat' dir='ltr'><strong>rel</strong></span> <span class='ocrx_word' id='word_1_127' title='bbox 277 1889 433 1956; x_wconf 83' lang='lat' dir='ltr'><strong>Erarium</strong></span> <span class='ocrx_word' id='word_1_128' title='bbox 449 1897 541 1954; x_wconf 88' lang='lat' dir='ltr'><strong>tuum</strong></span> <span class='ocrx_word' id='word_1_129' title='bbox 567 1889 626 1954; x_wconf 88' lang='lat' dir='ltr'><strong>sub</strong></span> <span class='ocrx_word' id='word_1_130' title='bbox 652 1911 737 1973; x_wconf 92' lang='lat' dir='ltr'><strong>pena</strong></span> <span class='ocrx_word' id='word_1_131' title='bbox 762 1893 867 1974; x_wconf 87' lang='lat' dir='ltr'><strong>gratie</strong></span> <span class='ocrx_word' id='word_1_132' title='bbox 892 1900 1003 1958; x_wconf 89' lang='lat' dir='ltr'><strong>nostre</strong></span> <span class='ocrx_word' id='word_1_133' title='bbox 1034 1897 1216 1960; x_wconf 85' lang='lat' dir='ltr'><strong>retentione</strong></span> 
     </span>
     <span class='ocr_line' id='line_1_16' title="bbox 87 1993 1217 2083; baseline 0.005 -23"><span class='ocrx_word' id='word_1_134' title='bbox 87 1996 204 2062; x_wconf 78' lang='lat' dir='ltr'><strong>exinde</strong></span> <span class='ocrx_word' id='word_1_135' title='bbox 221 1996 334 2079; x_wconf 91' lang='lat' dir='ltr'><strong>aliqua</strong></span> <span class='ocrx_word' id='word_1_136' title='bbox 350 1996 507 2062; x_wconf 84' lang='lat' dir='ltr'><strong>facienda.</strong></span> <span class='ocrx_word' id='word_1_137' title='bbox 534 1993 692 2081; x_wconf 83' lang='lat' dir='ltr'><strong>Sciturns,</strong></span> <span class='ocrx_word' id='word_1_138' title='bbox 709 1997 796 2080; x_wconf 88' lang='lat' dir='ltr'><strong>quod</strong></span> <span class='ocrx_word' id='word_1_139' title='bbox 828 2000 855 2062; x_wconf 89' lang='lat' dir='ltr'><strong>si</strong></span> <span class='ocrx_word' id='word_1_140' title='bbox 887 2021 979 2064; x_wconf 90' lang='lat' dir='ltr'><strong>secus</strong></span> <span class='ocrx_word' id='word_1_141' title='bbox 1010 2021 1071 2083; x_wconf 90' lang='lat' dir='ltr'><strong>per</strong></span> <span class='ocrx_word' id='word_1_142' title='bbox 1101 2008 1133 2067; x_wconf 91' lang='lat' dir='ltr'><strong>te</strong></span> <span class='ocrx_word' id='word_1_143' title='bbox 1165 2003 1217 2066; x_wconf 86' lang='lat' dir='ltr'><strong>vel</strong></span> 
     </span>
     <span class='ocr_line' id='line_1_17' title="bbox 86 2103 1215 2190; baseline 0.004 -22"><span class='ocrx_word' id='word_1_144' title='bbox 86 2103 245 2168; x_wconf 79' lang='lat' dir='ltr'><strong>linarium</strong></span> <span class='ocrx_word' id='word_1_145' title='bbox 261 2112 353 2170; x_wconf 89' lang='lat' dir='ltr'><strong>tuum</strong></span> <span class='ocrx_word' id='word_1_146' title='bbox 367 2103 492 2172; x_wconf 82' lang='lat' dir='ltr'><strong>laetum</strong></span> <span class='ocrx_word' id='word_1_147' title='bbox 506 2103 623 2184; x_wconf 78' lang='lat' dir='ltr'><strong>fuerit5</strong></span> <span class='ocrx_word' id='word_1_148' title='bbox 640 2105 687 2170; x_wconf 88' lang='lat' dir='ltr'><strong>sic</strong></span> <span class='ocrx_word' id='word_1_149' title='bbox 704 2113 819 2170; x_wconf 90' lang='lat' dir='ltr'><strong>contra</strong></span> <span class='ocrx_word' id='word_1_150' title='bbox 835 2126 891 2170; x_wconf 81' lang='lat' dir='ltr'><strong>vos</strong></span> <span class='ocrx_word' id='word_1_151' title='bbox 908 2112 1056 2172; x_wconf 87' lang='lat' dir='ltr'><strong>actutum</strong></span> <span class='ocrx_word' id='word_1_152' title='bbox 1082 2108 1215 2190; x_wconf 87' lang='lat' dir='ltr'><strong>procedi</strong></span> 
     </span>
     <span class='ocr_line' id='line_1_18' title="bbox 88 2210 1216 2295; baseline 0.005 -20"><span class='ocrx_word' id='word_1_153' title='bbox 88 2210 309 2294; x_wconf 84' lang='lat' dir='ltr'><strong>mandabinus,</strong></span> <span class='ocrx_word' id='word_1_154' title='bbox 326 2212 414 2294; x_wconf 91' lang='lat' dir='ltr'><strong>quod</strong></span> <span class='ocrx_word' id='word_1_155' title='bbox 430 2212 521 2277; x_wconf 84' lang='lat' dir='ltr'><strong>vobis</strong></span> <span class='ocrx_word' id='word_1_156' title='bbox 537 2213 599 2278; x_wconf 89' lang='lat' dir='ltr'><strong>erit</strong></span> <span class='ocrx_word' id='word_1_157' title='bbox 616 2213 658 2278; x_wconf 92' lang='lat' dir='ltr'><strong>ad</strong></span> <span class='ocrx_word' id='word_1_158' title='bbox 683 2232 809 2295; x_wconf 89' lang='lat' dir='ltr'><strong>penam,</strong></span> <span class='ocrx_word' id='word_1_159' title='bbox 835 2220 869 2277; x_wconf 88' lang='lat' dir='ltr'><strong>et</strong></span> <span class='ocrx_word' id='word_1_160' title='bbox 895 2214 1010 2278; x_wconf 90' lang='lat' dir='ltr'><strong>ceteris</strong></span> <span class='ocrx_word' id='word_1_161' title='bbox 1036 2211 1079 2278; x_wconf 92' lang='lat' dir='ltr'><strong>ad</strong></span> <span class='ocrx_word' id='word_1_162' title='bbox 1110 2220 1216 2280; x_wconf 88' lang='lat' dir='ltr'><strong>terro·</strong></span> 
     </span>
     <span class='ocr_line' id='line_1_19' title="bbox 86 2318 1215 2402; baseline 0.004 -21"><span class='ocrx_word' id='word_1_163' title='bbox 86 2339 161 2385; x_wconf 88' lang='lat' dir='ltr'><strong>rem.</strong></span> <span class='ocrx_word' id='word_1_164' title='bbox 180 2319 234 2384; x_wconf 92' lang='lat' dir='ltr'><strong>De</strong></span> <span class='ocrx_word' id='word_1_165' title='bbox 252 2320 439 2401; x_wconf 87' lang='lat' dir='ltr'><strong>quantitate</strong></span> <span class='ocrx_word' id='word_1_166' title='bbox 455 2339 541 2402; x_wconf 85' lang='lat' dir='ltr'><strong>vero,</strong></span> <span class='ocrx_word' id='word_1_167' title='bbox 558 2339 655 2401; x_wconf 90' lang='lat' dir='ltr'><strong>quam</strong></span> <span class='ocrx_word' id='word_1_168' title='bbox 682 2318 868 2384; x_wconf 91' lang='lat' dir='ltr'><strong>huiusmodi</strong></span> <span class='ocrx_word' id='word_1_169' title='bbox 893 2319 1135 2388; x_wconf 89' lang='lat' dir='ltr'><strong>mutuatoribus</strong></span> <span class='ocrx_word' id='word_1_170' title='bbox 1163 2344 1215 2386; x_wconf 89' lang='lat' dir='ltr'><strong>ex-</strong></span> 
     </span>
     <span class='ocr_line' id='line_1_20' title="bbox 89 2425 1214 2512; baseline 0.004 -22"><span class='ocrx_word' id='word_1_171' title='bbox 89 2428 339 2510; x_wconf 87' lang='lat' dir='ltr'><strong>computaueris,</strong></span> <span class='ocrx_word' id='word_1_172' title='bbox 355 2426 406 2490; x_wconf 87' lang='lat' dir='ltr'><strong>vel</strong></span> <span class='ocrx_word' id='word_1_173' title='bbox 421 2425 506 2490; x_wconf 86' lang='lat' dir='ltr'><strong>forte</strong></span> <span class='ocrx_word' id='word_1_174' title='bbox 522 2425 660 2492; x_wconf 91' lang='lat' dir='ltr'><strong>solueris</strong></span> <span class='ocrx_word' id='word_1_175' title='bbox 677 2427 874 2492; x_wconf 88' lang='lat' dir='ltr'><strong>auctoritate</strong></span> <span class='ocrx_word' id='word_1_176' title='bbox 899 2428 1059 2508; x_wconf 89' lang='lat' dir='ltr'><strong>presentis</strong></span> <span class='ocrx_word' id='word_1_177' title='bbox 1075 2429 1117 2494; x_wconf 90' lang='lat' dir='ltr'><strong>ab</strong></span> <span class='ocrx_word' id='word_1_178' title='bbox 1134 2431 1214 2512; x_wconf 87' lang='lat' dir='ltr'><strong>ipsis</strong></span> 
     </span>
     <span class='ocr_line' id='line_1_21' title="bbox 87 2532 1214 2618; baseline 0.004 -20"><span class='ocrx_word' id='word_1_179' title='bbox 87 2534 226 2617; x_wconf 82' lang='lat' dir='ltr'><strong>recipias</strong></span> <span class='ocrx_word' id='word_1_180' title='bbox 244 2555 399 2598; x_wconf 82' lang='lat' dir='ltr'><strong>unacum</strong></span> <span class='ocrx_word' id='word_1_181' title='bbox 424 2532 511 2598; x_wconf 91' lang='lat' dir='ltr'><strong>dicto</strong></span> <span class='ocrx_word' id='word_1_182' title='bbox 532 2533 654 2598; x_wconf 81' lang='lat' dir='ltr'><strong>Erario</strong></span> <span class='ocrx_word' id='word_1_183' title='bbox 680 2534 804 2617; x_wconf 90' lang='lat' dir='ltr'><strong>scripta</strong></span> <span class='ocrx_word' id='word_1_184' title='bbox 829 2536 1047 2618; x_wconf 87' lang='lat' dir='ltr'><strong>competentia</strong></span> <span class='ocrx_word' id='word_1_185' title='bbox 1072 2538 1115 2600; x_wconf 92' lang='lat' dir='ltr'><strong>ad</strong></span> <span class='ocrx_word' id='word_1_186' title='bbox 1142 2559 1214 2602; x_wconf 89' lang='lat' dir='ltr'><strong>cau-</strong></span> 
     </span>
     <span class='ocr_line' id='line_1_22' title="bbox 87 2637 1214 2724; baseline 0.007 -22"><span class='ocrx_word' id='word_1_187' title='bbox 87 2640 194 2706; x_wconf 88' lang='lat' dir='ltr'><strong>telam.</strong></span> <span class='ocrx_word' id='word_1_188' title='bbox 210 2641 257 2706; x_wconf 86' lang='lat' dir='ltr'><strong>Et</strong></span> <span class='ocrx_word' id='word_1_189' title='bbox 273 2640 480 2705; x_wconf 87' lang='lat' dir='ltr'><strong>nihilominus</strong></span> <span class='ocrx_word' id='word_1_190' title='bbox 497 2641 531 2704; x_wconf 91' lang='lat' dir='ltr'><strong>iu</strong></span> <span class='ocrx_word' id='word_1_191' title='bbox 547 2640 728 2704; x_wconf 90' lang='lat' dir='ltr'><strong>continenti</strong></span> <span class='ocrx_word' id='word_1_192' title='bbox 746 2637 882 2706; x_wconf 80' lang='lat' dir='ltr'><strong>Camere</strong></span> <span class='ocrx_word' id='word_1_193' title='bbox 899 2648 932 2705; x_wconf 88' lang='lat' dir='ltr'><strong>et</strong></span> <span class='ocrx_word' id='word_1_194' title='bbox 956 2642 1131 2724; x_wconf 87' lang='lat' dir='ltr'><strong>Magistris</strong></span> <span class='ocrx_word' id='word_1_195' title='bbox 1148 2643 1214 2710; x_wconf 89' lang='lat' dir='ltr'><strong>Ra-</strong></span> 
     </span>
     <span class='ocr_line' id='line_1_23' title="bbox 90 2748 1214 2832; baseline 0.003 -19"><span class='ocrx_word' id='word_1_196' title='bbox 90 2749 269 2816; x_wconf 86' lang='lat' dir='ltr'><strong>tionalibus</strong></span> <span class='ocrx_word' id='word_1_197' title='bbox 286 2751 408 2814; x_wconf 90' lang='lat' dir='ltr'><strong>nostris</strong></span> <span class='ocrx_word' id='word_1_198' title='bbox 425 2748 624 2832; x_wconf 86' lang='lat' dir='ltr'><strong>supradictis</strong></span> <span class='ocrx_word' id='word_1_199' title='bbox 644 2748 829 2832; x_wconf 86' lang='lat' dir='ltr'><strong>significare</strong></span> <span class='ocrx_word' id='word_1_200' title='bbox 853 2769 1018 2832; x_wconf 87' lang='lat' dir='ltr'><strong>procures,</strong></span> <span class='ocrx_word' id='word_1_201' title='bbox 1034 2757 1067 2814; x_wconf 90' lang='grc'><strong>11</strong></span> <span class='ocrx_word' id='word_1_202' title='bbox 1082 2752 1214 2816; x_wconf 91' lang='lat' dir='ltr'><strong>nomina</strong></span> 
     </span>
     <span class='ocr_line' id='line_1_24' title="bbox 89 2855 1214 2940; baseline -0.001 -18"><span class='ocrx_word' id='word_1_203' title='bbox 89 2863 313 2923; x_wconf 86' lang='lat' dir='ltr'><strong>mutuatorum</strong></span> <span class='ocrx_word' id='word_1_204' title='bbox 331 2858 486 2940; x_wconf 90' lang='lat' dir='ltr'><strong>ipsorum,</strong></span> <span class='ocrx_word' id='word_1_205' title='bbox 502 2863 608 2940; x_wconf 79' lang='lat' dir='ltr'><strong>terras</strong></span> <span class='ocrx_word' id='word_1_206' title='bbox 625 2855 707 2921; x_wconf 84' lang='lat' dir='ltr'><strong>vnde</strong></span> <span class='ocrx_word' id='word_1_207' title='bbox 723 2855 852 2934; x_wconf 87' lang='lat' dir='ltr'><strong>fuerint,</strong></span> <span class='ocrx_word' id='word_1_208' title='bbox 863 2862 896 2920; x_wconf 91' lang='lat' dir='ltr'><strong>et</strong></span> <span class='ocrx_word' id='word_1_209' title='bbox 912 2857 1121 2938; x_wconf 84' lang='lat' dir='ltr'><strong>quantitates,</strong></span> <span class='ocrx_word' id='word_1_210' title='bbox 1134 2879 1214 2940; x_wconf 87' lang='lat' dir='ltr'><strong>quas</strong></span> 
     </span>
     <span class='ocr_line' id='line_1_25' title="bbox 90 2963 1214 3047; baseline 0.001 -20"><span class='ocrx_word' id='word_1_211' title='bbox 90 2965 136 3027; x_wconf 87' lang='lat' dir='ltr'><strong>eis</strong></span> <span class='ocrx_word' id='word_1_212' title='bbox 152 2965 446 3047; x_wconf 87' lang='lat' dir='ltr'><strong>excomputaueris,</strong></span> <span class='ocrx_word' id='word_1_213' title='bbox 462 2969 495 3028; x_wconf 91' lang='lat' dir='ltr'><strong>et</strong></span> <span class='ocrx_word' id='word_1_214' title='bbox 511 2964 728 3044; x_wconf 84' lang='lat' dir='ltr'><strong>quantitatem</strong></span> <span class='ocrx_word' id='word_1_215' title='bbox 746 2965 845 3028; x_wconf 89' lang='lat' dir='ltr'><strong>etiam</strong></span> <span class='ocrx_word' id='word_1_216' title='bbox 861 2981 957 3044; x_wconf 88' lang='lat' dir='ltr'><strong>quam</strong></span> <span class='ocrx_word' id='word_1_217' title='bbox 983 2964 1029 3025; x_wconf 85' lang='lat' dir='ltr'><strong>eis</strong></span> <span class='ocrx_word' id='word_1_218' title='bbox 1055 2963 1137 3028; x_wconf 86' lang='grc'><strong>10111</strong></span> <span class='ocrx_word' id='word_1_219' title='bbox 1163 2985 1214 3028; x_wconf 85' lang='lat' dir='ltr'><strong>ex-</strong></span> 
     </span>
     <span class='ocr_line' id='line_1_26' title="bbox 88 3070 1215 3155; baseline 0.002 -21"><span class='ocrx_word' id='word_1_220' title='bbox 88 3071 225 3137; x_wconf 81' lang='lat' dir='ltr'><strong>colueris</strong></span> <span class='ocrx_word' id='word_1_221' title='bbox 242 3071 487 3155; x_wconf 86' lang='lat' dir='ltr'><strong>particulariter</strong></span> <span class='ocrx_word' id='word_1_222' title='bbox 503 3079 534 3135; x_wconf 90' lang='lat' dir='ltr'><strong>et</strong></span> <span class='ocrx_word' id='word_1_223' title='bbox 550 3071 714 3135; x_wconf 90' lang='lat' dir='ltr'><strong>distincte.</strong></span> <span class='ocrx_word' id='word_1_224' title='bbox 730 3070 927 3136; x_wconf 89' lang='lat' dir='ltr'><strong>Mandamus</strong></span> <span class='ocrx_word' id='word_1_225' title='bbox 951 3077 1109 3151; x_wconf 85' lang='lat' dir='ltr'><strong>preterea,</strong></span> <span class='ocrx_word' id='word_1_226' title='bbox 1127 3071 1215 3153; x_wconf 91' lang='lat' dir='ltr'><strong>quod</strong></span> 
     </span>
     <span class='ocr_line' id='line_1_27' title="bbox 90 3178 1214 3263; baseline 0.004 -22"><span class='ocrx_word' id='word_1_227' title='bbox 90 3180 265 3260; x_wconf 88' lang='lat' dir='ltr'><strong>pecuniam</strong></span> <span class='ocrx_word' id='word_1_228' title='bbox 281 3178 514 3263; x_wconf 86' lang='lat' dir='ltr'><strong>supradictam,</strong></span> <span class='ocrx_word' id='word_1_229' title='bbox 530 3199 592 3242; x_wconf 89' lang='lat' dir='ltr'><strong>vna</strong></span> <span class='ocrx_word' id='word_1_230' title='bbox 609 3199 682 3242; x_wconf 91' lang='lat' dir='ltr'><strong>cum</strong></span> <span class='ocrx_word' id='word_1_231' title='bbox 697 3178 819 3242; x_wconf 84' lang='lat' dir='ltr'><strong>Erario</strong></span> <span class='ocrx_word' id='word_1_232' title='bbox 847 3183 956 3241; x_wconf 88' lang='lat' dir='ltr'><strong>tecum</strong></span> <span class='ocrx_word' id='word_1_233' title='bbox 981 3179 1130 3260; x_wconf 87' lang='lat' dir='ltr'><strong>moranti,</strong></span> <span class='ocrx_word' id='word_1_234' title='bbox 1154 3200 1214 3263; x_wconf 87' lang='lat' dir='ltr'><strong>pro</strong></span> 
     </span>
     <span class='ocr_line' id='line_1_28' title="bbox 3 3276 1215 3368; baseline 0 -17"><span class='ocrx_word' id='word_1_235' title='bbox 3 3276 4 3279; x_wconf 23' lang='lat'>¹</span> <span class='ocrx_word' id='word_1_236' title='bbox 89 3293 183 3367; x_wconf 89' lang='lat' dir='ltr'><strong>parte</strong></span> <span class='ocrx_word' id='word_1_237' title='bbox 202 3285 302 3352; x_wconf 83' lang='lat' dir='ltr'><strong>Curie</strong></span> <span class='ocrx_word' id='word_1_238' title='bbox 318 3291 432 3350; x_wconf 87' lang='lat' dir='ltr'><strong>nostre</strong></span> <span class='ocrx_word' id='word_1_239' title='bbox 449 3285 597 3368; x_wconf 90' lang='lat' dir='ltr'><strong>recipias,</strong></span> <span class='ocrx_word' id='word_1_240' title='bbox 615 3284 705 3348; x_wconf 87' lang='lat' dir='ltr'><strong>etad</strong></span> <span class='ocrx_word' id='word_1_241' title='bbox 725 3305 870 3349; x_wconf 88' lang='lat' dir='ltr'><strong>cameras</strong></span> <span class='ocrx_word' id='word_1_242' title='bbox 896 3287 1024 3349; x_wconf 90' lang='lat' dir='ltr'><strong>nostras</strong></span> <span class='ocrx_word' id='word_1_243' title='bbox 1049 3307 1108 3368; x_wconf 91' lang='lat' dir='ltr'><strong>per</strong></span> <span class='ocrx_word' id='word_1_244' title='bbox 1138 3286 1215 3352; x_wconf 86' lang='lat' dir='ltr'><strong>fide-</strong></span> 
     </span>
     <span class='ocr_line' id='line_1_29' title="bbox 86 3390 1215 3476; baseline 0.003 -23"><span class='ocrx_word' id='word_1_245' title='bbox 86 3390 194 3458; x_wconf 81' lang='lat' dir='ltr'><strong>lecet</strong></span> <span class='ocrx_word' id='word_1_246' title='bbox 220 3393 418 3458; x_wconf 84' lang='lat' dir='ltr'><strong>sufficientes</strong></span> <span class='ocrx_word' id='word_1_247' title='bbox 444 3393 573 3457; x_wconf 86' lang='lat' dir='ltr'><strong>nuntios</strong></span> <span class='ocrx_word' id='word_1_248' title='bbox 600 3395 723 3456; x_wconf 83' lang='grc'><strong>1111101</strong></span> <span class='ocrx_word' id='word_1_249' title='bbox 751 3390 900 3456; x_wconf 84' lang='lat' dir='ltr'><strong>celeriter</strong></span> <span class='ocrx_word' id='word_1_250' title='bbox 926 3391 1045 3456; x_wconf 88' lang='lat' dir='ltr'><strong>mittas.</strong></span> <span class='ocrx_word' id='word_1_251' title='bbox 1076 3391 1215 3476; x_wconf 87' lang='lat' dir='ltr'><strong>Insuper</strong></span> 
     </span>
     <span class='ocr_line' id='line_1_30' title="bbox 87 3498 1214 3582; baseline 0.004 -21"><span class='ocrx_word' id='word_1_252' title='bbox 87 3501 233 3566; x_wconf 79' lang='lat' dir='ltr'><strong>volumus</strong></span> <span class='ocrx_word' id='word_1_253' title='bbox 249 3504 281 3563; x_wconf 89' lang='lat' dir='ltr'><strong>et</strong></span> <span class='ocrx_word' id='word_1_254' title='bbox 297 3498 358 3564; x_wconf 91' lang='lat' dir='ltr'><strong>tibi</strong></span> <span class='ocrx_word' id='word_1_255' title='bbox 384 3520 535 3582; x_wconf 82' lang='lat' dir='ltr'><strong>expresse</strong></span> <span class='ocrx_word' id='word_1_256' title='bbox 561 3499 761 3577; x_wconf 88' lang='lat' dir='ltr'><strong>mandamus,</strong></span> <span class='ocrx_word' id='word_1_257' title='bbox 787 3504 948 3580; x_wconf 85' lang='lat' dir='ltr'><strong>quatenus</strong></span> <span class='ocrx_word' id='word_1_258' title='bbox 974 3499 1013 3562; x_wconf 90' lang='lat' dir='ltr'><strong>dc</strong></span> <span class='ocrx_word' id='word_1_259' title='bbox 1039 3501 1214 3582; x_wconf 81' lang='grc'><strong>1111110111,</strong></span> 
     </span>
     <span class='ocr_line' id='line_1_31' title="bbox 88 3605 1215 3690; baseline 0.001 -18"><span class='ocrx_word' id='word_1_260' title='bbox 88 3627 184 3688; x_wconf 85' lang='lat' dir='ltr'><strong>quam</strong></span> <span class='ocrx_word' id='word_1_261' title='bbox 202 3608 242 3673; x_wconf 91' lang='lat' dir='ltr'><strong>de</strong></span> <span class='ocrx_word' id='word_1_262' title='bbox 257 3608 401 3690; x_wconf 88' lang='lat' dir='ltr'><strong>presenti</strong></span> <span class='ocrx_word' id='word_1_263' title='bbox 418 3606 629 3672; x_wconf 90' lang='lat' dir='ltr'><strong>subuentione</strong></span> <span class='ocrx_word' id='word_1_264' title='bbox 646 3606 760 3670; x_wconf 88' lang='lat' dir='ltr'><strong>feceris</strong></span> <span class='ocrx_word' id='word_1_265' title='bbox 776 3605 810 3668; x_wconf 93' lang='lat' dir='ltr'><strong>in</strong></span> <span class='ocrx_word' id='word_1_266' title='bbox 826 3605 922 3670; x_wconf 90' lang='lat' dir='ltr'><strong>terris</strong></span> <span class='ocrx_word' id='word_1_267' title='bbox 940 3611 972 3670; x_wconf 89' lang='lat' dir='ltr'><strong>et</strong></span> <span class='ocrx_word' id='word_1_268' title='bbox 987 3605 1066 3672; x_wconf 89' lang='lat' dir='ltr'><strong>locis</strong></span> <span class='ocrx_word' id='word_1_269' title='bbox 1084 3608 1215 3688; x_wconf 90' lang='lat' dir='ltr'><strong>quibus-</strong></span> 
     </span>
     <span class='ocr_line' id='line_1_32' title="bbox 86 3712 1214 3796; baseline 0.004 -20"><span class='ocrx_word' id='word_1_270' title='bbox 86 3712 168 3779; x_wconf 89' lang='lat' dir='ltr'><strong>libet</strong></span> <span class='ocrx_word' id='word_1_271' title='bbox 183 3713 428 3781; x_wconf 83' lang='lat' dir='ltr'><strong>Justitiariatus</strong></span> <span class='ocrx_word' id='word_1_272' title='bbox 445 3713 556 3794; x_wconf 89' lang='lat' dir='ltr'><strong>tui,ad</strong></span> <span class='ocrx_word' id='word_1_273' title='bbox 567 3715 725 3778; x_wconf 88' lang='lat' dir='ltr'><strong>rationem</strong></span> <span class='ocrx_word' id='word_1_274' title='bbox 741 3712 1035 3796; x_wconf 81' lang='lat' dir='ltr'><strong>predictamlacias</strong></span> <span class='ocrx_word' id='word_1_275' title='bbox 1052 3719 1119 3779; x_wconf 89' lang='lat' dir='ltr'><strong>tres</strong></span> <span class='ocrx_word' id='word_1_276' title='bbox 1137 3736 1214 3796; x_wconf 92' lang='lat' dir='ltr'><strong>qua-</strong></span> 
     </span>
     <span class='ocr_line' id='line_1_33' title="bbox 87 3820 1214 3903; baseline -0.002 -17"><span class='ocrx_word' id='word_1_277' title='bbox 87 3827 197 3888; x_wconf 87' lang='lat' dir='ltr'><strong>ternos</strong></span> <span class='ocrx_word' id='word_1_278' title='bbox 214 3822 406 3903; x_wconf 70' lang='lat' dir='ltr'><strong>consimiles</strong></span> <span class='ocrx_word' id='word_1_279' title='bbox 423 3841 559 3903; x_wconf 90' lang='lat' dir='ltr'><strong>quorum</strong></span> <span class='ocrx_word' id='word_1_280' title='bbox 584 3842 682 3886; x_wconf 86' lang='lat' dir='ltr'><strong>vnum</strong></span> <span class='ocrx_word' id='word_1_281' title='bbox 706 3820 766 3886; x_wconf 85' lang='lat' dir='ltr'><strong>tibi</strong></span> <span class='ocrx_word' id='word_1_282' title='bbox 793 3822 946 3902; x_wconf 85' lang='lat' dir='ltr'><strong>retineas,</strong></span> <span class='ocrx_word' id='word_1_283' title='bbox 977 3820 1078 3886; x_wconf 86' lang='lat' dir='ltr'><strong>alium</strong></span> <span class='ocrx_word' id='word_1_284' title='bbox 1108 3821 1214 3886; x_wconf 88' lang='lat' dir='ltr'><strong>eidem</strong></span> 
     </span>
     <span class='ocr_line' id='line_1_34' title="bbox 90 3925 1214 4017; baseline 0.002 -27"><span class='ocrx_word' id='word_1_285' title='bbox 90 3925 229 3994; x_wconf 80' lang='lat' dir='ltr'><strong>(lamere</strong></span> <span class='ocrx_word' id='word_1_286' title='bbox 245 3937 365 4007; x_wconf 86' lang='lat' dir='ltr'><strong>nostre,</strong></span> <span class='ocrx_word' id='word_1_287' title='bbox 383 3935 416 3994; x_wconf 91' lang='lat' dir='ltr'><strong>et</strong></span> <span class='ocrx_word' id='word_1_288' title='bbox 432 3928 566 3993; x_wconf 89' lang='lat' dir='ltr'><strong>tertium</strong></span> <span class='ocrx_word' id='word_1_289' title='bbox 592 3928 635 3992; x_wconf 89' lang='lat' dir='ltr'><strong>ad</strong></span> <span class='ocrx_word' id='word_1_290' title='bbox 659 3927 789 3993; x_wconf 88' lang='lat' dir='ltr'><strong>eosdem</strong></span> <span class='ocrx_word' id='word_1_291' title='bbox 815 3927 998 4011; x_wconf 85' lang='lat' dir='ltr'><strong>Magistros</strong></span> <span class='ocrx_word' id='word_1_292' title='bbox 1023 3927 1214 4017; x_wconf 73' lang='lat' dir='ltr'><strong>Rationales</strong></span> 
     </span>
     <span class='ocr_line' id='line_1_35' title="bbox 77 4014 1213 4104; baseline 0.001 -8"><span class='ocrx_word' id='word_1_293' title='bbox 77 4043 214 4100; x_wconf 78' lang='grc'><strong>’11011111</strong></span> <span class='ocrx_word' id='word_1_294' title='bbox 231 4014 541 4100; x_wconf 69' lang='grc'><strong>111111111110111111</strong></span> <span class='ocrx_word' id='word_1_295' title='bbox 558 4056 649 4100; x_wconf 89' lang='lat' dir='ltr'><strong>mora</strong></span> <span class='ocrx_word' id='word_1_296' title='bbox 675 4042 710 4104; x_wconf 80' lang='lat' dir='ltr'><strong>et.</strong></span> <span class='ocrx_word' id='word_1_297' title='bbox 733 4035 902 4100; x_wconf 88' lang='lat' dir='ltr'><strong>occasione</strong></span> <span class='ocrx_word' id='word_1_298' title='bbox 928 4039 1062 4099; x_wconf 87' lang='lat' dir='ltr'><strong>remota.</strong></span> <span class='ocrx_word' id='word_1_299' title='bbox 1090 4034 1213 4098; x_wconf 90' lang='lat' dir='ltr'><strong>Datum</strong></span> 
     </span>
     <span class='ocr_line' id='line_1_36' title="bbox 88 4139 836 4226; baseline -0.003 -21"><span class='ocrx_word' id='word_1_300' title='bbox 88 4139 232 4226; x_wconf 83' lang='lat' dir='ltr'><strong>Neapoli</strong></span> <span class='ocrx_word' id='word_1_301' title='bbox 248 4141 404 4212; x_wconf 83' lang='lat' dir='ltr'>XXVII.</span> <span class='ocrx_word' id='word_1_302' title='bbox 420 4141 504 4206; x_wconf 88' lang='lat' dir='ltr'><strong>Maii</strong></span> <span class='ocrx_word' id='word_1_303' title='bbox 521 4142 627 4207; x_wconf 90' lang='lat' dir='ltr'>XIII.</span> <span class='ocrx_word' id='word_1_304' title='bbox 644 4142 836 4207; x_wconf 78' lang='lat' dir='ltr'><strong>indictionis</strong></span> 
     </span>
    </p>

    <p class='ocr_par' dir='ltr' id='par_1_3' title="bbox 88 4244 1243 4546">
     <span class='ocr_line' id='line_1_37' title="bbox 197 4244 1215 4329; baseline -0.004 -11"><span class='ocrx_word' id='word_1_305' title='bbox 197 4249 240 4324; x_wconf 75' lang='grc'><strong>11.</strong></span> <span class='ocrx_word' id='word_1_306' title='bbox 257 4249 387 4317; x_wconf 82' lang='lat' dir='ltr'><strong>Similes</strong></span> <span class='ocrx_word' id='word_1_307' title='bbox 397 4249 483 4314; x_wconf 85' lang='lat' dir='ltr'><strong>facte</strong></span> <span class='ocrx_word' id='word_1_308' title='bbox 493 4256 570 4315; x_wconf 91' lang='lat' dir='ltr'><strong>sunt</strong></span> <span class='ocrx_word' id='word_1_309' title='bbox 585 4249 609 4314; x_wconf 85' lang='lat' dir='ltr'><strong>J</strong></span> <span class='ocrx_word' id='word_1_310' title='bbox 611 4251 776 4315; x_wconf 85' lang='lat' dir='ltr'><strong>ustitiaric</strong></span> <span class='ocrx_word' id='word_1_311' title='bbox 793 4244 947 4312; x_wconf 86' lang='lat' dir='ltr'><strong>Oalabrie</strong></span> <span class='ocrx_word' id='word_1_312' title='bbox 965 4247 1003 4310; x_wconf 91' lang='lat' dir='ltr'><strong>de</strong></span> <span class='ocrx_word' id='word_1_313' title='bbox 1021 4248 1118 4312; x_wconf 78' lang='lat' dir='ltr'><strong>suciis</strong></span> <span class='ocrx_word' id='word_1_314' title='bbox 1137 4269 1215 4329; x_wconf 90' lang='lat' dir='ltr'><strong>qua·</strong></span> 
     </span>
     <span class='ocr_line' id='line_1_38' title="bbox 88 4354 1243 4439; baseline 0.006 -21"><span class='ocrx_word' id='word_1_315' title='bbox 88 4365 168 4419; x_wconf 85' lang='lat' dir='ltr'><strong>tuor</strong></span> <span class='ocrx_word' id='word_1_316' title='bbox 178 4356 323 4423; x_wconf 84' lang='lat' dir='ltr'><strong>millibus</strong></span> <span class='ocrx_word' id='word_1_317' title='bbox 341 4357 528 4439; x_wconf 82' lang='lat' dir='ltr'><strong>quingentis</strong></span> <span class='ocrx_word' id='word_1_318' title='bbox 543 4377 657 4424; x_wconf 89' lang='lat' dir='ltr'><strong>nouem</strong></span> <span class='ocrx_word' id='word_1_319' title='bbox 674 4364 708 4421; x_wconf 91' lang='lat' dir='ltr'><strong>et</strong></span> <span class='ocrx_word' id='word_1_320' title='bbox 723 4354 849 4422; x_wconf 83' lang='lat' dir='ltr'><strong>tarenis</strong></span> <span class='ocrx_word' id='word_1_321' title='bbox 875 4354 1021 4423; x_wconf 77' lang='lat' dir='ltr'><strong>undecim</strong></span> <span class='ocrx_word' id='word_1_322' title='bbox 1047 4360 1079 4419; x_wconf 90' lang='lat' dir='ltr'><strong>et</strong></span> <span class='ocrx_word' id='word_1_323' title='bbox 1104 4357 1215 4437; x_wconf 84' lang='lat' dir='ltr'><strong>granis</strong></span> <span class='ocrx_word' id='word_1_324' title='bbox 1240 4425 1243 4436; x_wconf 82' lang='grc'><strong>,</strong></span> 
     </span>
     <span class='ocr_line' id='line_1_39' title="bbox 88 4458 1243 4546; baseline 0 -16"><span class='ocrx_word' id='word_1_325' title='bbox 88 4458 129 4530; x_wconf 84' lang='lat' dir='ltr'><strong>V.</strong></span> <span class='ocrx_word' id='word_1_326' title='bbox 143 4459 269 4528; x_wconf 89' lang='lat' dir='ltr'><strong>Datum</strong></span> <span class='ocrx_word' id='word_1_327' title='bbox 285 4469 321 4527; x_wconf 86' lang='lat' dir='ltr'><strong>vt</strong></span> <span class='ocrx_word' id='word_1_328' title='bbox 340 4483 448 4546; x_wconf 79' lang='lat' dir='ltr'><strong>supra.</strong></span> <span class='ocrx_word' id='word_1_329' title='bbox 1238 4465 1243 4472; x_wconf 69' lang='grc'><em>”</em></span> 
     </span>
    </p>
   </div>
   <div class='ocr_carea' id='block_1_3' title="bbox 0 0 1622 5238">
    <p class='ocr_par' dir='ltr' id='par_1_4' title="bbox 0 0 1622 5238">
     <span class='ocr_line' id='line_1_40' title="bbox 0 0 1622 5238; baseline 0 0"><span class='ocrx_word' id='word_1_330' title='bbox 0 0 1622 5238; x_wconf 95' lang='lat' dir='ltr'><strong> </strong></span> 
     </span>
    </p>
   </div>
  </div>
 </body>
</html>
