3222 5240
619 377 712 438 1332.
1165 377 1227 440 295

94 547 147 610 rel
172 549 313 629 grauati.
353 549 399 613 Et
422 549 494 614 idco
521 573 575 615 eos
600 551 797 633 requirimus
823 556 855 615 et
880 571 1031 632 rogamus
1057 550 1228 631 instanter,

97 662 263 735 quatenus
281 657 326 720 eis
343 657 480 740 placeat,
498 659 580 722 sicut
595 659 751 723 honorem
769 681 862 723 snum
878 658 969 722 decet
986 664 1019 723 et
1034 659 1155 724 iustum
1172 667 1229 742 est,

93 767 164 825 tam
182 764 223 826 de
241 765 348 846 prima
365 765 587 846 derobatione,
605 788 704 848 quam
721 766 760 830 de
771 767 844 832 istis
856 767 1005 831 secundis
1015 765 1121 832 facere
1132 767 1229 833 dietis

93 871 219 934 nostris
235 870 384 938 fidelibus
401 872 658 938 satisfactionem
674 872 866 954 condignam
881 874 1051 956 impertiri,
1068 875 1117 938 ita
1133 879 1166 938 et
1181 879 1229 940 ta·

93 976 184 1056 liter,
202 979 289 1060 quod
307 981 369 1062 ipsi
388 979 466 1044 dicti
485 979 685 1045 damnificati
701 980 833 1044 valeant
848 982 1037 1063 contentari,
1055 986 1087 1046 et
1104 981 1228 1046 animus

92 1090 211 1149 noster
227 1087 343 1151 merito
360 1087 521 1167 turbatus,
546 1086 633 1151 facta
649 1086 881 1168 satisfactione,
897 1089 1001 1170 possit
1017 1089 1175 1172 quietari;
1191 1108 1229 1152 ac

92 1191 135 1256 de
155 1198 266 1256 cetero
283 1193 398 1258 rellint
413 1194 528 1258 taliter
543 1192 651 1257 facere
669 1198 702 1256 et
718 1192 880 1274 ordinare,
897 1194 985 1276 quod
1001 1215 1035 1260 se
1053 1200 1085 1258 et
1094 1201 1227 1278 gentem

92 1320 191 1364 suam
217 1298 259 1362 ab
284 1299 461 1364 inferendis
488 1301 615 1364 damnis
632 1297 728 1363 dictis
745 1302 865 1364 nostris
880 1299 1031 1366 fidelibus
1047 1299 1098 1366 vel
1113 1321 1230 1384 graua-

90 1407 239 1472 minibus
266 1431 300 1472 se
327 1407 467 1474 debeant
492 1409 622 1490 penitus
643 1406 818 1473 abstinere.
842 1407 888 1472 Et
905 1413 938 1470 vt
953 1407 1015 1473 hoc
1030 1409 1169 1492 negocio
1185 1410 1230 1473 ri·

89 1515 216 1579 deatur
241 1513 332 1578 cordi
348 1520 462 1578 nostro
479 1515 584 1594 magis
601 1511 798 1593 incumbere,
823 1512 997 1578 mittantur
1017 1513 1103 1578 dicte
1120 1513 1229 1580 littere

88 1643 153 1705 per
171 1643 272 1685 vnum
289 1623 409 1686 bonnm
419 1641 601 1704 preconem,
620 1618 771 1684 addendo
782 1620 816 1684 in
826 1619 982 1702 predictis
992 1620 1122 1704 litteris,
1139 1621 1229 1706 quod

88 1731 229 1814 placeat
245 1729 289 1792 eis
306 1749 365 1810 per
380 1725 576 1810 portitorem
592 1748 703 1791 earum
721 1725 813 1791 nobis
825 1747 917 1790 suam
927 1727 1105 1794 rescribere
1117 1729 1228 1795 volun-

87 1843 197 1901 tatem
216 1835 250 1899 in
267 1836 441 1918 premissis,
467 1857 537 1899 cum
555 1839 666 1899 nostre
682 1835 872 1898 intentionis
889 1839 940 1898 est
956 1837 1096 1916 omnino,
1122 1833 1227 1901 dictos

2 1961 3 1964 ’
89 1949 233 2009 nostros
260 1940 373 2006 fideles
400 1941 441 2005 de
458 1943 556 2008 Nona
580 1963 644 2006 non
661 1940 820 2022 descrere,
846 1941 1016 2024 quinimo,
1043 1963 1105 2024 que
1128 1941 1227 2008 infer-

86 2058 213 2116 rentur
229 2049 276 2114 eis
293 2048 413 2113 damna
428 2049 478 2113 vel
494 2051 695 2132 grauamina,
722 2049 761 2113 de
777 2050 968 2132 opportunis
984 2049 1137 2115 remediis
1155 2051 1228 2117 snb·

85 2161 217 2224 venire.

205 2265 292 2329 Item
317 2263 404 2346 quod
430 2264 614 2329 scribantur
630 2264 739 2327 littere
758 2260 877 2327 Comiti
895 2261 1056 2347 Nelipzio,
1082 2261 1227 2344 dicendo,

88 2372 185 2458 quod
204 2390 298 2435 amor
313 2368 488 2448 fraternae,
515 2391 611 2452 quem
627 2391 706 2452 erga
723 2374 872 2434 nostrum
887 2369 1046 2435 honorem
1061 2371 1130 2454 ipse
1147 2392 1227 2436 sem·

86 2503 151 2566 per
178 2478 335 2556 ostendit,
360 2476 454 2541 nobis
480 2481 608 2558 prestat
633 2497 731 2542 causa
759 2499 815 2542 sue
830 2478 984 2561 potentie,
1010 2499 1081 2543 cum
1097 2478 1228 2562 expedit

87 2593 227 2653 nostros
244 2584 354 2648 fideles
371 2605 441 2648 oum
457 2583 576 2648 fiducia
600 2582 870 2650 recommandari.
900 2581 998 2650 Vnde
1014 2605 1087 2651 oum
1104 2581 1228 2668 Grego-

86 2699 173 2774 rius,
203 2691 282 2756 olim
298 2691 384 2756 filius
401 2691 487 2756 Bani
504 2691 609 2773 Pauli,
634 2713 692 2775 per
709 2697 839 2775 gentem
856 2713 947 2757 suam
964 2714 1036 2757 oum
1053 2699 1148 2776 gente
1165 2691 1228 2759 Oo-

86 2803 185 2868 mitis
203 2800 302 2864 Pauli
326 2798 438 2864 fratris
457 2800 515 2882 sui,
531 2805 564 2863 et
580 2806 673 2882 gente
690 2799 832 2865 Mlodini
849 2799 908 2864 filii
925 2800 1064 2866 Comitis
1081 2799 1226 2884 Georgii,

86 2933 161 2976 non
177 2913 349 2973 contentus
366 2909 471 2990 prima
487 2907 707 2988 derobatione,
728 2928 826 2992 quam
843 2909 925 2974 alias
941 2907 1081 2992 predicti
1098 2909 1132 2972 in
1148 2908 1226 2972 fide-

86 3021 140 3084 les
159 3021 292 3080 nostros
309 3014 349 3079 de
366 3013 465 3079 Nona
481 3017 719 3098 commiserant,
744 3017 873 3081 nouiter
889 3016 929 3080 de
945 3037 1054 3080 mense
1072 3014 1225 3080 Octobris

88 3129 184 3190 ciues
203 3123 244 3187 de
255 3121 353 3188 Nona
371 3121 449 3187 iecit
465 3123 589 3188 duabus
606 3122 729 3188 vicibus
745 3122 909 3203 derobari,
927 3128 959 3188 et
975 3143 1032 3188 nos
1049 3126 1225 3206 cupiamus,

88 3232 184 3318 quod
211 3230 273 3314 ipsi
300 3232 404 3294 nostri
429 3229 542 3294 fideles
570 3229 827 3297 satisfactionem
853 3237 886 3294 et
903 3229 1073 3295 emendam
1090 3228 1129 3294 de
1145 3229 1225 3313 ipsis

87 3340 225 3405 damnis
243 3339 428 3420 suscipiant,
455 3359 545 3402 suam
563 3338 712 3402 amiciam
730 3337 906 3402 affectuose
923 3357 1085 3419 rogamus,
1112 3343 1225 3420 quate-

87 3470 155 3514 nus
173 3445 239 3510 sibi
254 3446 384 3528 placeat
400 3445 522 3508 nostris
539 3446 688 3528 precibus
705 3451 738 3508 et
754 3444 1021 3509 amorehomines
1032 3444 1136 3526 Nouo,
1153 3467 1225 3510 nos·

86 3566 164 3623 tros
191 3555 327 3618 dilectos
345 3553 465 3632 fideleS,
490 3553 608 3617 habere
625 3551 856 3617 frurorabiliter
873 3551 1123 3635 commendatos,
1139 3555 1226 3618 acin

87 3662 343 3748 recuperatione
354 3669 386 3725 et
399 3659 534 3726 emenda
545 3657 675 3725 suorum
694 3659 894 3742 damnorum,
911 3668 943 3725 et
959 3661 1045 3743 quod
1062 3659 1102 3724 de
1118 3666 1226 3725 cetero

87 3776 208 3839 uiuere
226 3768 353 3832 valcant
371 3767 502 3850 pacifico
520 3774 552 3830 ot
568 3768 686 3849 quieto,
703 3769 750 3832 cis
767 3769 928 3847 assistere,
944 3767 978 3830 in
996 3773 1153 3850 quantum
1170 3767 1225 3831 ho-

85 3880 168 3947 nori
186 3897 245 3942 suo
261 3876 410 3958 congruit
426 3873 596 3940 fauoribus
613 3876 811 3957 opportunia
828 3881 860 3937 a
875 3895 934 3957 pro
952 3875 1014 3939 hiis
1032 3895 1099 3954 nos,
1117 3876 1171 3956 qui
1182 3875 1225 3939 ad

86 3988 216 4066 omnia,
234 4005 295 4067 que
312 3985 467 4048 honorem
486 4005 578 4048 suum
596 3984 726 4066 sapiant
741 3989 840 4066 atque
852 3988 980 4063 statum,
998 4003 1107 4047 sumus
1118 3981 1225 4066 (lispo-

86 4096 160 4178 siti,
178 4093 359 4158 sernentius
375 4091 590 4157 accendamur
607 4091 650 4156 ad
668 4091 813 4174 quelibet
829 4090 890 4155 sibi
908 4097 1011 4174 grata.

202 4201 288 4266 Item
314 4199 467 4264 similiter
493 4200 654 4266 scribatur
679 4201 814 4265 mutatis
846 4197 1010 4266 mutandis
1036 4198 1225 4279 Budislauo,

84 4309 202 4378 Paulo
220 4313 253 4372 et
269 4305 442 4390 Gregorio,
471 4306 638 4387 fratribus,
655 4309 741 4372 natis
757 4308 833 4372 olim
852 4305 990 4371 Comitis
1008 4304 1144 4391 Curiati,
1169 4305 1226 4370 ho·

84 4415 221 4484 noratis
233 4412 416 4480 Comitibus
428 4413 598 4498 Corbauie,
615 4417 741 4480 ciuibus
759 4422 791 4480 ot
807 4415 957 4480 fidelibus
975 4415 1095 4479 nostris
1113 4414 1224 4497 bonis;

84 4522 256 4602 addendo,
283 4523 368 4606 quod
394 4524 421 4588 si
439 4524 621 4606 contigerit,
649 4522 760 4588 fideles
787 4531 916 4588 nostros
933 4523 972 4587 de
989 4522 1087 4588 Nona
1103 4545 1161 4605 pro
1177 4522 1224 4589 fa-
