3174 5236
193 12 194 30 l
272 10 322 30 ΡΪΓ.

143 70 148 85 Ι

563 359 656 422 1299.
1114 361 1174 426 137

62 539 135 604 riam
149 537 343 621 inspecturis
359 541 427 602 tam
441 535 647 621 presentibus
664 558 761 620 quarn
777 538 907 604 futuris.
922 539 962 604 In
972 537 1182 605 benemeritis

62 653 92 713 ct
105 645 252 712 fidelibus
268 644 390 713 nostris
415 645 556 712 libenter
578 646 720 730 gratiam
744 652 855 713 nostro
879 647 1091 714 liberalitatis
1106 669 1177 713 exe-

63 755 190 838 quimur,
206 759 240 819 et
255 753 418 836 adaugere
442 753 610 819 credentes
637 754 775 836 gloriam
803 755 970 823 clementis
994 754 1183 822 munificen-

66 861 114 942 tie,
128 883 187 945 que
203 860 302 929 debet
317 880 388 927 esse
404 857 569 944 quoddam
599 860 762 946 peculium
788 862 1009 946 Principibus,
1025 863 1180 930 libentius

65 989 249 1036 exercemus,
265 967 312 1033 Et
328 966 459 1052 quidem
475 967 665 1051 diligentius
681 970 892 1036 actendentes
902 977 1000 1054 grata
1008 971 1180 1036 fidelitatis

2 1163 3 1168 ἵ
64 1077 219 1160 obsequia,
235 1074 397 1141 feruorem
412 1074 498 1158 fidei,
508 1081 540 1140 st
549 1077 838 1160 promptitudinem
848 1078 1048 1160 meritorum,
1065 1079 1182 1162 quibus

66 1186 119 1272 virj
129 1184 252 1252 nobiles
264 1183 462 1268 Stephanus,
472 1182 497 1250 J
499 1184 652 1265 ohannes,
663 1184 873 1273 (Radislaus)
889 1195 923 1252 et
939 1185 1012 1254 Och
1029 1185 1187 1268 Comites,

2 1287 3 1306 ¹
73 1291 125 1377 filij
137 1291 282 1358 Babonio
297 1290 337 1357 de
353 1289 511 1375 Vngeria,
529 1290 639 1357 dilecti
656 1291 768 1362 fideles
780 1297 813 1359 et
837 1293 948 1359 deuoti
959 1296 1073 1377 nostri,
1088 1314 1185 1360 occu-

2 1403 3 1410 ’
73 1399 206 1484 patioris
222 1399 303 1464 dicti
319 1399 428 1486 Regni
438 1398 586 1484 Vngarie
606 1402 745 1467 durante
765 1401 952 1468 discrimine
977 1423 1056 1484 erga
1080 1421 1139 1466 uos
1155 1402 1190 1466 in

74 1508 306 1575 manutenendo
322 1529 463 1590 causam,
480 1517 513 1578 et
534 1508 633 1576 fidem
648 1514 794 1576 nostram
820 1509 981 1576 seruando
1006 1508 1127 1576 ibidem
1143 1510 1191 1574 in-

74 1617 266 1684 sudausrunt
280 1617 447 1700 hactenus,
463 1624 496 1684 at
510 1618 733 1684 indesinenter
749 1618 912 1700 insudant,
929 1639 985 1684 eos
1001 1617 1100 1702 digne
1116 1597 1190 1700 pro-

75 1725 233 1808 sequimur
250 1723 385 1808 speciali
402 1725 510 1809 gratia
526 1731 559 1791 et
574 1723 697 1793 fauore.
727 1725 837 1791 Huius
852 1747 930 1810 ergo
946 1725 1072 1792 inducti
1088 1726 1191 1792 consi·

74 1829 245 1898 derationis
260 1831 385 1897 intuitu
399 1834 605 1917 munitiones,
630 1836 850 1918 possessiones
865 1840 898 1900 st
913 1834 1009 1914 bona,
1025 1853 1097 1898 cum
1111 1833 1192 1917 juri-

74 1943 136 2023 bus,
146 1939 430 2027 jurisdictionibus
447 1946 479 2007 et
494 1943 701 2027 pertiuentijs
717 1944 794 2024 suis,
819 1963 881 2025 qus
912 1943 1026 2007 tenent
1042 1947 1075 2006 et
1089 1943 1192 2024 possi·

76 2049 152 2134 dent,
168 2051 253 2114 sicut
268 2048 432 2131 pretenuit
447 2055 481 2115 et
494 2049 654 2134 possedit,
679 2054 712 2113 ct
735 2048 866 2131 insuper
891 2046 1070 2131 dignitates
1084 2046 1193 2113 Bana-

75 2166 122 2226 tus
136 2160 182 2228 cis
197 2157 443 2227 rationabiliter
467 2149 703 2241 competentes,
728 2154 769 2222 de
794 2160 885 2220 certa
901 2159 1016 2221 nostra
1041 2154 1185 2235 scientia,

74 2268 266 2335 liberalitate
295 2289 386 2334 mera
410 2271 444 2333 et
467 2266 578 2350 gratia
601 2263 746 2350 specialj‚
762 2263 917 2348 predictis
942 2260 1119 2346 Stephano,
1135 2261 1194 2329 Jo-

74 2377 178 2458 banni,
194 2375 356 2442 Radislao
372 2381 405 2442 et
422 2373 503 2450 Och,
520 2393 695 2456 eorumque
719 2371 896 2438 heredibus
913 2369 1066 2454 legitimis
1082 2391 1194 2454 perpe·

74 2490 125 2550 tuo
140 2482 367 2550 confirmamus
383 2482 444 2548 sub
461 2480 571 2547 debito
587 2488 620 2546 ct
635 2485 789 2546 consueto
816 2479 962 2561 seruitio,
987 2478 1122 2562 perinde
1138 2499 1194 2544 no·

77 2591 122 2658 bis
137 2613 175 2658 ao
190 2591 310 2658 nostris
326 2591 360 2656 in
377 2589 465 2655 dicto
482 2589 597 2672 Regno
609 2587 784 2655 heredibus
799 2591 833 2654 et
849 2587 1086 2653 successoribus
1096 2587 1195 2652 inme·

79 2698 159 2765 diste
174 2705 207 2766 et
222 2700 259 2766 in
274 2699 381 2781 capite
398 2695 564 2776 laciend03
579 2694 737 2762 fidelitate
752 2701 874 2780 nostra,
899 2695 1028 2778 nostris,
1043 2701 1075 2758 et
1092 2693 1195 2758 cuius·

79 2805 151 2871 bbet
165 2805 300 2878 alterius
313 2805 441 2890 juribus
458 2824 583 2887 semper
609 2802 718 2900 saluis.
734 2799 775 2866 In
791 2800 882 2868 onus
908 2801 954 2886 rcj
974 2801 1195 2866 testimonium

82 2934 203 2997 presens
219 2915 376 2998 scriptum
393 2912 509 2978 exinde
524 2910 606 2993 ficrj,
632 2915 664 2975 et
691 2907 908 2992 pendentibus
933 2908 1054 2975 nostris
1079 2907 1197 2991 sigillis

4 3003 6 3036 ³
73 3021 225 3104 ·jussimus
241 3019 443 3087 communiri.
478 3017 603 3083 Datum
627 3013 769 3100 Neapolj
797 3037 882 3081 anno
901 3015 1035 3080 Domini
1051 3013 1106 3080 Μο
1122 3012 1197 3082 00⁰

85 3127 276 3196 xcvrffls
293 3129 347 3194 dis
362 3125 444 3197 VII.
462 3122 662 3209 Septembris
679 3121 783 3188 XHI.
801 3122 881 3208 (igy)
901 3122 1099 3188 indictionis.

187 3325 223 3388 (A
236 3325 374 3392 »Registri
388 3322 538 3389 Augioinic
557 3321 837 3387 101.sz.Beg.Karoli
847 3321 882 3372 Π.
896 3319 1040 3372 kototebcl
1057 3325 1078 3372 1.
1092 3317 1199 3384 l.,u.o.)

558 3593 717 3604 ..v-...—

90 4027 266 4117 ILKo‘roly
291 4029 416 4095 sicilici
446 4027 561 4113 kirtly
590 4026 711 4094 sorici
744 4025 849 4093 Pe'tert
879 4025 975 4091 tuidi
1006 4024 1202 4107 dicqyaror·

520 4137 647 4222 saciqba.
670 4136 764 4216 1299.

11 4385 13 4412 3
185 4316 285 4382 Petro
301 4313 342 4380 de
358 4311 457 4380 Suria
480 4314 669 4380 relaxantur
699 4314 796 4378 uncie
824 4311 897 4377 auri
928 4315 1059 4377 centum
1088 4307 1206 4391 viginti

11 4413 13 4416 ’
93 4427 200 4504 septem
215 4425 323 4488 tareni
340 4441 396 4487 sex
412 4427 445 4487 ot
470 4443 575 4504 grana
606 4421 728 4502 decem,
758 4422 891 4486 inuente
925 4425 1050 4484 restare
1081 4416 1206 4500 liquide

93 4546 180 4608 penes
194 4533 299 4614 ipsum
317 4530 358 4594 da
373 4532 504 4596 ratione
520 4527 630 4613 Osficij
649 4526 823 4614 Capitonis
839 4528 921 4594 Bari
937 4525 1026 4610 quod
1043 4525 1120 4591 olim
1136 4545 1205 4610 ges·
