3222 5240
390 343 455 408 334
514 398 519 407 .
746 357 978 406 ornnouncmm
994 346 1162 406 rmtxux.

389 524 438 587 cio
449 520 580 586 Farclsi
595 520 635 584 de
645 519 771 600 Monte,
786 519 891 584 milite
906 518 1143 585 locumtenente
1152 517 1260 602 Dyegi
1276 518 1318 582 de
1329 514 1510 583 Tholomeis

389 629 430 696 de
441 628 535 696 Senis
551 628 663 694 militis
671 627 697 695 J
698 627 853 712 ustitiarij
865 625 1063 711 Capitanate
1079 649 1138 711 per
1152 624 1409 710 manusNicolaj
1419 623 1507 706 Facij

389 738 429 803 de
447 736 540 803 Senis
566 735 645 820 socij
672 733 751 800 dicti
776 732 958 819 Justitiarij
985 735 1038 800 die
1065 735 1216 801 vicesimo
1241 733 1347 817 primo
1374 731 1509 817 predicti

388 845 507 912 mensis
517 842 717 910 Nouembris
727 842 774 908 Π.
785 841 971 908 indictionis
982 843 1071 926 apud
1080 843 1220 928 Fogiam
1230 841 1339 908 uncias
1350 841 1511 906 ducentas

389 951 475 1018 Item
501 951 668 1018 aMarino
687 949 790 1018 Cossa
816 951 856 1016 de
872 950 976 1016 Yscla
992 951 1093 1016 milite
1110 948 1299 1016 Justitiario
1316 947 1417 1016 Terre
1432 949 1510 1032 Barj

390 1062 583 1145 subscriptis
599 1060 713 1127 diebus
729 1059 770 1126 de
786 1061 921 1143 pecunia
938 1059 1101 1144 generalis
1111 1059 1430 1126 subuentionisdicti
1440 1057 1511 1123 anni

391 1167 438 1236 Π.
454 1169 642 1235 indictionis
657 1169 767 1234 uncias
783 1168 1058 1252 quadringentas3
1074 1167 1225 1234 videlicet
1241 1167 1292 1232 die
1308 1168 1413 1251 primo
1428 1187 1511 1231 men·

391 1279 436 1344 sis
452 1278 646 1345 Decembris
661 1275 807 1342 eiusdem
822 1274 1011 1342 indictionis
1028 1273 1116 1358 apud
1131 1274 1254 1340 Barum
1271 1276 1382 1341 uncias
1399 1274 1513 1340 ducen-

389 1392 450 1468 tas,
466 1384 520 1451 die
535 1385 648 1451 ultimo
666 1383 809 1450 eiusdem
825 1383 945 1448 mensis
960 1380 1152 1448 Decembris
1168 1383 1315 1467 predicte
1331 1382 1512 1448 indictionis

390 1491 503 1577 Berolj
529 1492 639 1558 vncias
664 1496 802 1571 centum,
828 1495 861 1555 et
887 1489 939 1554 die
964 1488 1209 1573 quartodecimo
1226 1491 1345 1558 mensis
1362 1489 1511 1574 Januarij

392 1600 536 1666 eiusdem
561 1598 747 1666 indictionis
773 1596 861 1683 apud
875 1595 1134 1663 Maufridoniam
1151 1599 1263 1664 uncias
1279 1606 1425 1678 centum;
1450 1605 1480 1664 et
1495 1620 1514 1663 a

392 1706 417 1774 J
418 1709 549 1776 ohanne
565 1709 605 1774 de
615 1707 767 1774 Floriaoo
782 1705 885 1772 milite
900 1711 979 1772 tunc
989 1705 1171 1790 Capitoneo
1181 1707 1297 1794 Barolj
1316 1707 1371 1774 die
1380 1709 1513 1792 septimo

391 1816 515 1882 decimo
531 1817 651 1882 mensis
660 1815 813 1900 Januarij
831 1813 918 1879 dicte
928 1813 975 1879 ΙΙ.
995 1814 1183 1882 indictionis
1201 1817 1236 1880 in
1255 1814 1406 1900 predicta
1415 1815 1514 1881 Terra

391 1922 506 2009 Barolj
534 1924 643 1990 uncias
669 1930 796 1990 centum
823 1923 1069 2007 quinquaginta.
1102 1922 1175 2008 Quc
1200 1931 1272 1990 tota
1298 1922 1448 2008 predicta
1464 1946 1514 2008 pe·

393 2034 487 2098 cunia
512 2039 561 2098 est
586 2032 620 2095 in
646 2051 772 2096 summu
798 2029 888 2094 vneie
913 2029 1002 2095 mille
1027 2029 1166 2096 ducente
1182 2030 1423 2118 quinquaginta
1438 2030 1515 2096 dicti

392 2140 547 2224 ponderis
571 2138 740 2224 generalis.
771 2138 899 2203 Deinde
923 2137 1052 2203 soluisti
1077 2144 1112 2204 et
1137 2137 1311 2206 exhibuisti
1326 2139 1516 2224 subscriptis

392 2249 539 2333 personis
555 2268 615 2332 pro
633 2247 824 2331 subscriptis
841 2248 948 2312 causis
964 2254 997 2312 et
1013 2248 1154 2331 negocijs
1171 2247 1370 2332 quantitates
1385 2247 1516 2331 pecunie

392 2355 627 2438 infrascriptae.
644 2354 808 2423 Videlicet
818 2356 952 2422 Marino
969 2355 1009 2420 de
1019 2353 1143 2421 Sabina
1159 2337 1199 2420 de
1210 2353 1322 2422 Trano
1338 2353 1516 2421 etNicolao

393 2464 432 2528 de
444 2464 555 2529 Rocca
565 2461 740 2546 prepositis
751 2461 861 2546 Officij
872 2461 1067 2528 Fenectanis
1085 2461 1324 2528 conuertendas
1339 2485 1397 2548 per
1413 2484 1470 2529 eos
1486 2465 1516 2527 in

393 2574 541 2657 expensis
551 2572 710 2638 faciendis
726 2573 758 2637 in
777 2571 865 2637 dicto
875 2570 995 2638 Officio
1012 2571 1208 2638 Panecterie
1225 2572 1268 2638 ad
1284 2593 1365 2658 opus
1380 2573 1519 2657 predicti

393 2680 495 2765 Regis
505 2680 652 2764 Vagarie
669 2686 701 2745 at
717 2681 824 2764 gentis
840 2681 952 2765 ipsius,
967 2690 1045 2747 tunc
1061 2682 1094 2746 in
1105 2680 1288 2765 Vngariam
1299 2682 1519 2760 redeuntium,

298 2825 303 2838 x
394 2790 532 2855 diuersis
549 2789 673 2854 uicibus
701 2795 733 2855 et
749 2788 864 2854 diebus
880 2789 991 2855 uncias
1007 2795 1136 2855 centum
1153 2795 1276 2874 septem
1293 2798 1423 2856 tarenos
1439 2809 1518 2872 quu-

393 2897 574 2964 tuordecim
599 2903 632 2961 et
656 2917 761 2980 grana
788 2919 861 2976 scx;
887 2895 1033 2977 Rogerio
1049 2895 1246 2963 Mambrono
1262 2905 1295 2963 et
1312 2893 1463 2963 Gerardo
1479 2896 1519 2960 de

393 3004 502 3072 Bucco
526 3005 703 3089 prepositis
735 3001 856 3088 Offioij'
872 3002 1092 3070 Bacticularie
1119 3004 1360 3071 conuertendas
1386 3024 1516 3089 percos

393 3115 426 3179 in
443 3114 592 3199 expensis
609 3110 767 3178 faciendis
783 3113 818 3176 in
834 3111 922 3177 dicto
938 3111 1045 3177 officio
1055 3111 1277 3180 Bucticularie
1293 3113 1336 3180 ad
1352 3134 1433 3198 opus
1450 3133 1521 3196 pre·

393 3223 473 3287 dicti
482 3199 585 3303 Regis
595 3217 743 3303 Vagarie
759 3223 791 3284 et
808 3221 914 3304 gentis
931 3221 1032 3304 ipsius
1048 3226 1127 3286 tunc
1142 3221 1177 3284 in
1187 3219 1373 3305 Vngariam
1388 3219 1522 3287 redeun-

393 3330 482 3410 tium,
498 3329 638 3394 diuersis
657 3328 784 3394 uicibus
801 3335 835 3394 et
851 3328 965 3394 diebus
981 3329 1089 3395 uncias
1106 3329 1366 3415 quadringentas
1383 3335 1522 3414 quatuor

392 3441 527 3503 tarenos
543 3437 818 3520 vigintiquatuor
834 3440 868 3501 et
883 3457 988 3519 grana
1003 3437 1070 3502 tria
1086 3443 1119 3502 et
1133 3437 1293 3519 medium;
1321 3436 1469 3504 Laurino
1485 3437 1522 3503 de

394 3545 509 3612 Massa
534 3545 703 3630 preposito
719 3543 829 3612 Officii
846 3543 1042 3612 Marescalle
1071 3545 1311 3613 conuerteudus
1327 3567 1386 3630 per
1402 3567 1477 3612 eum
1492 3545 1523 3611 in

394 3655 542 3736 expensis
559 3652 716 3720 faciendis
732 3655 765 3720 iu
783 3652 873 3719 dicto
885 3651 1005 3721 Officio
1016 3651 1215 3720 Marescalle
1227 3653 1271 3720 ad
1285 3675 1368 3740 opus
1385 3651 1523 3738 predicti

393 3759 496 3843 Regis
514 3760 661 3845 Vngarie
678 3768 712 3826 et
727 3761 834 3845 gentis
850 3761 953 3845 ipsius
970 3767 1048 3826 tunc
1064 3761 1097 3825 in
1113 3759 1301 3845 Vngariam
1318 3763 1519 3830 redeuntium

394 3868 533 3933 diuersis
550 3869 674 3934 uicibus
691 3875 723 3933 et
740 3866 855 3934 diebus
872 3867 981 3934 uncias
999 3867 1155 3934 ducentas
1171 3870 1345 3956 sexaginta
1361 3891 1457 3935 umam
1474 3875 1520 3934 ta·

393 3997 489 4042 renos
507 3977 586 4043 duos
603 3998 708 4061 grana
725 3982 816 4059 octo;
843 3975 868 4041 J
869 3997 991 4043 ansono
1007 3976 1178 4061 preposito
1195 3976 1307 4062 Officij
1324 3977 1520 4044 Fructuarie

393 4086 631 4152 conuertendas
648 4094 681 4150 vt
698 4107 799 4170 supra
815 4086 925 4152 uncias
942 4085 1180 4170 quinquaginta
1197 4091 1270 4151 octo
1286 4093 1419 4152 tarenos
1435 4085 1523 4161 duos,

395 4191 571 4259 Thomasio
583 4195 623 4260 de
634 4194 812 4260 Tolentino
824 4195 990 4278 preposito
1001 4191 1111 4276 Officij
1123 4193 1279 4261 Ferrarie
1290 4195 1524 4261 conuertendas

393 4301 426 4366 in
453 4304 601 4387 expensis
620 4309 769 4388 utsupra
787 4304 897 4368 uncias
914 4303 1075 4369 ducentas
1092 4302 1202 4368 decem
1219 4309 1353 4368 tarenos
1369 4303 1523 4369 tredecim

394 4431 498 4491 mana
514 4419 664 4494 quatuor.
683 4412 768 4476 Item
786 4410 925 4478 diuersis
942 4411 1137 4495 personisin
1149 4415 1310 4495 quaterno
1322 4419 1378 4477 tue
1389 4411 1521 4478 rationis

395 4516 557 4582 distinctis
583 4526 650 4583 tam
676 4542 736 4604 pro
761 4522 870 4604 pretio
897 4521 1010 4585 risime
1030 4519 1122 4586 unius
1150 4518 1189 4584 de
1206 4519 1307 4584 cartis
1324 4519 1523 4594 bombicinis,

1007 4699 1030 4732 Ι
