3174 5236
5 3321 8 3390 l

5 3401 8 3490 l

5 3497 8 3510 l

6 3527 8 3536 ι

566 365 661 428 1299.

576 615 648 676 168.

56 780 98 845 II.
112 779 233 865 Kriroly
249 779 378 844 siciliai
394 776 507 860 kircily
531 774 774 860 mepbizottokat
800 772 880 836 kald
900 769 1122 837 szlavoaiata
1139 771 1172 833 es

390 883 700 970 Mapyarorezdpha.
729 884 821 946 1299.

149 1062 269 1131 Saluus
285 1062 466 1129 conductus
497 1082 556 1144 pro
573 1059 757 1125 Prudentio
782 1059 822 1122 de
838 1057 960 1122 Barolo
976 1063 1009 1120 et
1025 1057 1172 1140 personis

56 1172 278 1254 nauigantibus·
299 1172 332 1234 in
359 1169 485 1234 duabus
510 1170 620 1235 baraia
646 1166 763 1232 nobilis
792 1166 855 1230 viri
881 1163 1016 1247 Georgij
1034 1162 1172 1228 Comitis

57 1275 280 1360 Draguriensis
297 1275 521 1342 Sabinioensis
537 1276 580 1340 ad
596 1274 737 1341 eundum
753 1280 787 1337 et
802 1271 1026 1338 reddeundum
1043 1271 1083 1334 de
1098 1291 1173 1356 par-

58 1383 133 1449 tibus
149 1383 324 1450 Solanonie
340 1385 391 1449 vel
408 1383 557 1464 Vngarie
574 1403 633 1465 pro
651 1380 796 1463 seruitijs
822 1379 902 1443 dieti
919 1375 1057 1443 Comitis
1074 1377 1173 1460 ‹lepu-

59 1493 144 1570 tntis;
160 1492 277 1574 quibus
293 1491 461 1574 predictus
485 1489 688 1555 Prudentius
713 1493 823 1572 preest
839 1493 898 1551 ete.
916 1485 1019 1550 XIX.
1035 1485 1173 1554 Novem-

60 1598 118 1663 bris
132 1597 213 1664 XII.
231 1598 430 1678 indictionis

152 1778 336 1844 (Asllegistri
349 1776 499 1844 Angioini‹
512 1780 554 1826 95.
563 1791 599 1828 z.
606 1777 671 1840 Reg.
680 1776 779 1826 Karoli
787 1777 823 1826 11.
831 1773 974 1824 korstebol
983 1777 1041 1824 11⁷.
1050 1776 1069 1827 l.
1080 1791 1085 1826 :
1099 1787 1125 1824 u.
1135 1775 1172 1837 o.)

535 1961 577 1971 ...-
603 1959 688 1968 μ--κι

586 2161 657 2221 169.

67 2311 106 2376 Π.
130 2314 249 2420 Ka'roly
279 2317 408 2381 sieiliai
438 2319 551 2405 kirrily
575 2321 606 2382 es
632 2317 743 2382 Musa
765 2319 895 2382 siciliai
918 2318 1074 2402 kirrilyae
1095 2339 1176 2401 meq-

67 2423 187 2485 erlleilik
210 2424 372 2489 Babouiea
394 2449 493 2490 cernes
506 2427 586 2509 fluit
610 2451 632 2489 a
654 2427 876 2512 napybo'tpjuk
904 2427 1017 2488 Ldaalo
1041 2425 1176 2487 bannale

67 2525 187 2593 Mortell
211 2531 336 2618 Kar-aly
360 2532 442 2596 riltal
466 2533 708 2598 Salauouiu'baa
732 2533 972 2618 adomduyozott
987 2531 1097 2616 javat
1113 2529 1176 2596 tir·

479 2639 627 2705 talaribus.
656 2641 748 2705 1299.

162 2814 308 2882 Karolus
338 2816 516 2884 Secundus
535 2817 599 2882 Dei
624 2818 734 2900 gratia
756 2818 829 2883 Rex
858 2815 1043 2883 Jerusalem
1068 2821 1102 2880 et
1127 2812 1176 2880 Si-

67 2919 140 3000 cilie,
154 2922 300 2990 Ducatus
316 2924 438 3008 Apulie
453 2933 486 2992 et
501 2925 709 3009 Principatus
720 2923 841 3010 Oapne,
857 2925 1032 2992 Prouineie
1048 2930 1082 2987 et
1096 2922 1178 2988 For·

69 3025 210 3115 calquerij
245 3029 373 3116 (lomes,
389 3039 423 3098 et
438 3033 551 3099 Maria
575 3034 689 3099 eadem
714 3035 822 3116 gratia
848 3031 1033 3098 eorumdem
1049 3029 1179 3110 Regno·

70 3154 131 3198 rum
146 3139 332 3206 Jerusalem
348 3147 381 3206 et
396 3139 518 3222 Sicilie,
535 3147 568 3207 et
585 3141 733 3223 Vngarie
758 3141 896 3224 Regina,
912 3136 1071 3206 rniuersis
1088 3141 1179 3200 teno-

70 3261 128 3306 rem
142 3247 340 3327 presentium
370 3249 564 3331 inspecturis
594 3257 662 3314 tam
694 3247 908 3330 presentibus,
939 3265 1035 3329 quarn
1053 3241 1180 3308 suturis.

71 3343 208 3416 Inuitant
226 3373 288 3418 nos
313 3353 491 3419 instinctus
523 3353 684 3420 naturalis
716 3361 749 3418 et
779 3354 874 3435 ratio,
905 3353 1035 3418 illorum
1064 3369 1181 3414 causas

72 3454 176 3522 debitis
205 3459 320 3526 fulcire
351 3462 513 3547 presidijs,
539 3465 573 3527 et
598 3460 788 3546 opportunis
813 3461 981 3526 fauoribus
998 3456 1183 3538 eonfouere,

6 3565 8 3588 '
72 3583 142 3644 quos
157 3587 234 3648 erga
249 3589 308 3634 nos
324 3590 363 3634 ae
378 3575 505 3635 nostros
521 3570 611 3635 clara
624 3570 705 3635 fides
721 3575 754 3634 et
769 3570 908 3652 probata
923 3568 1053 3633 deuotio
1064 3564 1182 3631 redunt

6 3669 8 3764 ξ
73 3665 249 3752 laudabiles,
266 3679 299 3739 et
316 3680 451 3759 experta
460 3677 616 3758 obsequia
626 3677 730 3741 multa
746 3683 867 3757 gratos.
884 3673 970 3738 Sane
980 3673 1041 3738 viri
1057 3672 1183 3737 nobiles

6 3787 8 3866 ᾗ
74 3773 204 3844 Comites
231 3779 428 3863 Stephanus,
443 3782 614 3847 lohannes
631 3789 663 3847 et
690 3781 867 3849 Ladislaus
900 3781 1029 3860 fratrea,
1045 3780 1104 3846 filii
1120 3775 1183 3844 Go-

6 3875 8 3992 ἐ
74 3883 151 3985 mitis
178 3886 335 3967 Babonei,
367 3909 407 3953 ac
437 3895 572 3971 nepotes
613 3889 777 3971 quondam
816 3889 901 3955 Bani
930 3887 1096 3981 Ladislay,
1137 3883 1184 3949 di-

74 3968 139 4036 lenti
168 3996 205 4040 ao
236 3977 346 4042 deuoti
375 3979 487 4057 nostri,
518 4001 538 4043 a
567 3977 660 4043 nobis
693 3978 843 4044 deuotius
868 3983 1044 4061 petierunt,
1058 3983 1096 4041 ut
1112 3995 1184 4039 oum

75 4074 145 4145 bone
160 4085 314 4148 memorie
343 4083 491 4149 Karolus
531 4085 766 4171 primogenitus
791 4093 903 4151 noster
933 4087 1005 4151 Rex
1037 4082 1185 4166 Vngurie

6 4237 7 4250 ³
76 4193 169 4255 certas
208 4197 316 4256 terras
357 4198 392 4257 et
430 4191 516 4257 bona
555 4193 617 4258 site
656 4195 690 4258 in
722 4194 856 4260 Ducatu
896 4192 1079 4274 Solanonie,
1111 4211 1182 4273 pre·

76 4291 151 4362 dieto
181 4299 345 4382 quondam
375 4299 469 4366 Bano
500 4299 668 4384 Ladislao,
707 4303 870 4368 dictorum
914 4301 1053 4368 fratrum
1084 4322 1184 4367 auun-

7 4479 8 4490 ,
78 4401 137 4469 eulo
166 4409 363 4475 concesserit
394 4410 545 4491 gratiose,
570 4409 603 4474 in
630 4410 748 4493 quibus
775 4410 907 4494 quidem
937 4412 1033 4475 terris
1065 4418 1098 4477 et
1127 4409 1184 4475 bo-

80 4509 121 4574 nis
148 4513 267 4601 prefati
297 4515 418 4582 fratres
449 4516 489 4580 <le
517 4515 591 4599 jure
623 4517 812 4598 succedunt,
841 4523 948 4584 terras
963 4523 996 4583 et
1011 4517 1099 4584 bona
1113 4519 1186 4604 ipsa
