3174 5236
595 337 689 396 laec.
1165 333 1200 394 'll

98 510 236 590 subditos,
252 532 309 574 seu
325 533 383 594 per
399 511 554 594 homines,
569 513 624 594 qui
637 533 669 576 se
680 517 849 593 receptant
863 511 896 573 in
907 511 1064 574 Bannntu
1075 511 1126 574 vel
1144 507 1206 574 (lo-

100 617 250 680 mitatibus
265 617 487 698 predictorum
504 617 707 682 dominorum
723 617 872 696 fratrum,
883 639 938 682 seu
959 619 993 681 in
1003 615 1077 682 aliis
1096 637 1207 680 eorum

98 727 192 805 terrie,
201 726 247 790 vel
258 726 318 792 sub
330 748 440 792 eorum
452 727 501 790 vel
520 727 656 791 alicuius
667 745 778 789 eorum
795 724 947 806 dominio,
958 745 1022 790 non
1033 723 1207 800 offendent,

98 856 149 900 nec
163 835 277 900 ch'emli
292 835 423 914 facient,
439 857 497 900 uec
514 834 631 898 offendi
648 835 840 916 permittent
855 834 888 896 iu
911 833 1066 916 ¹personis
1091 831 1142 896 vel
1158 851 1207 894 re·

97 942 150 1007 bus
165 942 281 1007 dictum
298 941 463 1006 domiuum
479 941 614 1022 Ducem,
630 938 811 1005 Commune
828 947 861 1004 et
887 939 1032 1004 hemines
1048 936 1207 1006 Venecia·

40 1100 41 1103 ,
98 1069 169 1128 rum,
184 1071 239 1113 nec
254 1048 460 1114 habitatores
476 1048 588 1113 fideles
606 1048 830 1112 districtualcs
856 1069 914 1112 seu
945 1047 1094 1113 subditos
1127 1043 1207 1110 dicti

99 1155 207 1220 domini
223 1157 329 1234 llucis,
346 1177 405 1221 nec
420 1156 564 1240 aliquam
580 1162 702 1220 terram
728 1175 784 1219 seu
810 1155 914 1219 locum
940 1154 1118 1220 habentem
1143 1151 1210 1216 Re·

97 1269 206 1328 ctorem
221 1285 280 1347 pro
298 1265 386 1330 dicto
402 1264 532 1330 domino
548 1263 658 1344 Duce;
675 1262 731 1328 sed
747 1283 812 1341 eos,
828 1267 862 1326 ot
872 1282 982 1326 omnes
1008 1269 1040 1326 et
1062 1259 1208 1344 singulos

98 1370 126 1433 in
141 1371 279 1452 personis
295 1379 328 1436 et
345 1371 442 1436 rebus
459 1378 525 1436 tam
542 1373 574 1435 in
592 1371 673 1436 mari
690 1391 789 1452 quarn
806 1369 951 1434 interris
968 1391 1089 1447 eorum,
1115 1373 1147 1431 et
1174 1366 1207 1428 in

99 1485 161 1542 teto
177 1499 285 1542 eorum
301 1478 455 1558 dominio,
473 1485 504 1542 et
521 1477 694 1543 cuiuslibet
720 1499 841 1557 eorum,
858 1476 1027 1542 habebunt
1043 1475 1151 1539 saluos
1177 1479 1209 1538 et

99 1605 226 1650 securos.
243 1587 330 1651 Item
347 1587 515 1650 occasione
541 1585 612 1668 ipsa
638 1586 855 1668 promiserunt
880 1583 1061 1667 supradicti
1087 1582 1208 1646 domini

100 1692 216 1776 fratres,
232 1694 320 1778 quorl
338 1696 365 1759 si
382 1695 444 1778 ipsi
461 1696 510 1759 vel
528 1694 648 1776 aliquis
664 1713 776 1757 eorum
793 1714 850 1775 per
867 1713 901 1756 se
912 1693 964 1756 rel
975 1692 1057 1758 alios
1069 1696 1207 1772 attemp-

99 1807 212 1866 tasseut
228 1824 285 1867 seu
301 1807 531 1884 attemptasset
548 1798 672 1883 aliquid
694 1806 811 1864 eontra
827 1799 981 1864 honorem
1007 1799 1130 1864 domiui
1156 1798 1211 1862 du-

101 1909 141 1971 cis
150 1907 364 1975 Veneciarum
377 1909 517 1974 deterre
528 1907 632 1972 Ferre
644 1913 677 1970 et
688 1906 804 1986 Braze,
815 1905 914 1970 uelde
926 1905 1038 1990 aliqua
1047 1906 1114 1971 alia
1124 1911 1213 1970 terra

102 2015 144 2078 vel
159 2016 227 2079 loeo
243 2015 384 2080 habente
402 2015 577 2080 Rectorem
595 2035 655 2098 pro
672 2013 801 2079 domino
820 2012 923 2094 Duce,
948 2013 1163 2078 remouebunt
1180 2033 1214 2075 se

3 2170 4 2179 ,
103 2121 288 2188 omnimodo
304 2129 502 2207 attemptare
530 2124 571 2187 de
597 2129 706 2187 cetero
733 2129 846 2186 centra
871 2122 1026 2186 honorem
1052 2121 1130 2198 eius,
1155 2141 1215 2183 nec

104 2229 341 2312 attemptabunt
357 2231 495 2314 amplius
514 2230 553 2294 de
571 2229 670 2293 terris
686 2233 719 2294 et
734 2229 813 2292 locis
831 2227 996 2309 predictis.
1015 2227 1100 2292 Item
1125 2224 1212 2309 quod

103 2335 232 2416 predicti
248 2337 370 2401 domiui
386 2337 505 2402 iratres
522 2337 572 2401 vel
589 2336 707 2420 aliquis
733 2356 840 2398 eorum
859 2357 918 2416 per
942 2357 976 2399 se
1002 2335 1052 2400 vel
1077 2355 1133 2417 per
1159 2331 1215 2396 ho·

105 2443 196 2508 mines
211 2441 353 2524 Almisii,
370 2464 426 2507 seu
442 2463 500 2526 per
516 2442 600 2508 ullos
617 2463 728 2506 eorum
745 2443 795 2505 vel
823 2442 960 2506 alicuius
977 2463 1089 2505 eorum
1115 2439 1216 2504 homi·

105 2569 155 2614 ces
171 2550 326 2632 subditos,
343 2571 399 2615 seu
415 2571 474 2632 per
490 2548 645 2628 heminae,
662 2549 719 2632 qui
736 2569 770 2612 se
786 2555 994 2632 receptorem
1012 2550 1044 2612 in
1062 2547 1219 2612 Bannatu

105 2655 149 2720 vel
166 2655 381 2723 Comitatibus
399 2657 620 2740 predictorum
637 2656 853 2733 dominorum,
870 2678 926 2720 seu
952 2657 984 2720 in
1011 2655 1083 2720 aliis
1109 2676 1219 2720 eorum

107 2766 204 2844 terris,
220 2786 274 2829 seu
293 2765 352 2830 sub
369 2787 479 2830 eorum
497 2765 650 2843 dominio,
660 2764 711 2829 vel
722 2785 780 2846 per
806 2762 888 2828 alios
915 2785 979 2828 non
1010 2763 1221 2828 accostabunt

108 2893 136 2934 se
152 2895 221 2936 cum
237 2894 348 2938 eorum
364 2873 455 2954 ligno
472 2872 522 2936 vel
540 2872 640 2954 liguis
667 2871 765 2935 alicui
792 2871 842 2934 vel
866 2870 1031 2953 aliquibus
1057 2871 1145 2952 ligno
1170 2871 1222 2934 vel

107 2979 196 3061 lignis
210 2979 418 3060 Venetorum,
434 3002 492 3046 seu
508 2979 734 3045 habitatorum
750 2977 911 3056 Veneciis,
921 2978 1067 3041 fidelium
1083 2978 1131 3041 vel
1149 2977 1221 3041 sub-

110 3087 242 3152 ditorum
260 3096 294 3153 et
310 3088 564 3154 districtualium
583 3087 662 3152 dicti
680 3087 803 3151 demini
820 3087 931 3166 Ducis
956 3087 1018 3150 nisi
1043 3107 1114 3149 cum
1140 3086 1219 3168 pupi

109 3203 209 3276 antea,
224 3219 282 3260 nee
298 3195 442 3260 inserent
467 3218 525 3260 nec
550 3197 672 3261 facient
688 3195 735 3258 eis
756 3215 815 3257 nec
832 3193 930 3259 alicui
947 3214 1065 3276 eorum,
1082 3215 1140 3257 nec
1165 3193 1222 3258 alii

111 3303 158 3364 vel
174 3304 243 3368 aliis
259 3303 315 3386 qui
331 3303 416 3368 foret
433 3305 484 3368 rel
494 3305 602 3370 forent
612 3305 645 3368 in
663 3301 752 3368 dicto
768 3300 859 3384 ligno
875 3303 925 3365 vel
942 3302 1048 3384 ligula,
1063 3301 1225 3385 iniuriam,

111 3409 294 3490 molestiam,
311 3410 497 3492 dampnum,
514 3410 721 3475 offensionem
738 3409 789 3476 vel
815 3429 993 3492 grauamen
1019 3409 1052 3472 in
1078 3409 1226 3492 personis

112 3518 158 3581 rel
173 3519 266 3583 rebus
283 3518 496 3583 existentibus
513 3521 545 3583 in
563 3519 651 3583 dicto
667 3519 755 3600 ligno
771 3517 822 3582 rel
847 3516 953 3599 lignis.
969 3517 1015 3580 ut
1030 3517 1131 3581 eciam
1158 3538 1230 3599 pre-

113 3625 210 3692 dictos
230 3627 380 3706 Venetos,
396 3627 594 3693 habitatores
612 3627 773 3706 Veneciis,
796 3626 909 3691 fideles
934 3625 1081 3690 subditos
1107 3633 1140 3690 et
1166 3625 1231 3690 dis-

117 3734 374 3798 trictualesdicti
392 3735 514 3800 domini
545 3735 649 3799 Ducis
665 3735 839 3798 existentes
870 3735 903 3797 in
935 3733 1024 3816 ligno
1055 3731 1106 3796 vel
1137 3731 1233 3814 lignis

113 3841 335 3908 lorinsecurom
351 3863 423 3907 eum
440 3843 588 3926 personis
604 3849 637 3905 et
654 3841 750 3905 rebus
766 3861 830 3905 uon
847 3840 1020 3919 offendent,
1038 3861 1096 3904 nee
1113 3839 1158 3904 eis
1184 3839 1231 3901 in-

115 3950 212 4015 ferent
227 3973 286 4016 nec
301 3950 424 4015 facient
441 3951 601 4030 iniuriam,
617 3949 809 4031 molestiam,
825 3948 1010 4030 dampnum,
1026 3945 1231 4012 offensionem

116 4059 161 4120 rel
176 4080 352 4139 grauamen
368 4059 400 4122 in
418 4059 566 4141 personis
583 4059 632 4122 rel
649 4056 747 4121 rebus
764 4077 884 4135 eorum,
900 4055 957 4120 sed
983 4073 1038 4118 eos
1064 4075 1174 4119 omnes
1200 4055 1234 4116 et

117 4165 252 4247 singulos
268 4187 341 4229 cum
356 4164 506 4229 omnibus
539 4163 630 4228 bonis
663 4169 695 4226 et
725 4162 824 4228 rebus
856 4182 967 4226 eorum
992 4166 1060 4225 tam
1092 4160 1127 4224 in
1154 4160 1230 4240 suis,

118 4291 208 4353 quem
237 4273 269 4334 in
299 4270 534 4337 forinsecorum
566 4272 655 4353 ligno
685 4270 736 4334 vel
776 4269 873 4352 lignis
914 4267 1082 4332 habebunt
1124 4268 1235 4333 saluos

120 4384 149 4442 et
164 4399 307 4460 secures,
324 4400 383 4444 nee
400 4379 530 4444 venient
547 4379 588 4444 ab
605 4374 746 4442 Ancona
763 4377 851 4441 ultra
867 4397 977 4441 versus
994 4374 1236 4458 Venecias,nee

121 4485 214 4552 eNia
229 4489 317 4555 vltra
332 4510 443 4555 versus
460 4487 626 4554 Venecias.
643 4486 798 4552 Preterea
823 4485 904 4550 dieti
928 4485 1045 4568 nuncii,
1077 4505 1232 4568 procura-
