<?xml version="1.0" encoding="UTF-8"?>
<!DOCTYPE html PUBLIC "-//W3C//DTD XHTML 1.0 Transitional//EN"
    "http://www.w3.org/TR/xhtml1/DTD/xhtml1-transitional.dtd">
<html xmlns="http://www.w3.org/1999/xhtml" xml:lang="en" lang="en">
 <head>
  <title>
</title>
<meta http-equiv="Content-Type" content="text/html;charset=utf-8" />
  <meta name='ocr-system' content='tesseract 3.04.00' />
  <meta name='ocr-capabilities' content='ocr_page ocr_carea ocr_par ocr_line ocrx_word'/>
</head>
<body>
  <div class='ocr_page' id='page_1' title='image "./magyardiplomacz02wenzgoog_0167.png"; bbox 0 0 3174 5236; ppageno 0'>
   <div class='ocr_carea' id='block_1_1' title="bbox 624 697 695 762">
    <p class='ocr_par' dir='ltr' id='par_1_1' title="bbox 624 697 695 762">
     <span class='ocr_line' id='line_1_1' title="bbox 624 697 695 762; baseline 0 0"><span class='ocrx_word' id='word_1_1' title='bbox 624 697 695 762; x_wconf 78' lang='lat'>157.</span> 
     </span>
    </p>
   </div>
   <div class='ocr_carea' id='block_1_2' title="bbox 98 857 1219 1052">
    <p class='ocr_par' dir='ltr' id='par_1_2' title="bbox 98 857 1219 1052">
     <span class='ocr_line' id='line_1_2' title="bbox 98 857 1219 948; baseline 0.005 -29"><span class='ocrx_word' id='word_1_2' title='bbox 98 857 403 944; x_wconf 75' lang='lat' dir='ltr'><strong>Mapyororszdpbdl</strong></span> <span class='ocrx_word' id='word_1_3' title='bbox 428 861 504 924; x_wconf 82' lang='lat' dir='ltr'><strong>eald</strong></span> <span class='ocrx_word' id='word_1_4' title='bbox 529 859 663 938; x_wconf 69' lang='lat' dir='ltr'><strong>Korma,</strong></span> <span class='ocrx_word' id='word_1_5' title='bbox 688 861 724 922; x_wconf 80' lang='lat' dir='ltr'><strong>ki</strong></span> <span class='ocrx_word' id='word_1_6' title='bbox 748 861 884 924; x_wconf 77' lang='lat' dir='ltr'><strong>Martell</strong></span> <span class='ocrx_word' id='word_1_7' title='bbox 905 859 1031 946; x_wconf 82' lang='lat' dir='ltr'><strong>Kdroly</strong></span> <span class='ocrx_word' id='word_1_8' title='bbox 1055 861 1219 948; x_wconf 75' lang='lat' dir='ltr'><strong>szemdlyes</strong></span> 
     </span>
     <span class='ocr_line' id='line_1_3' title="bbox 243 966 1066 1052; baseline 0.001 -24"><span class='ocrx_word' id='word_1_9' title='bbox 243 966 487 1051; x_wconf 72' lang='lat' dir='ltr'><strong>szolqdlata&#39;ban</strong></span> <span class='ocrx_word' id='word_1_10' title='bbox 504 967 580 1046; x_wconf 81' lang='lat' dir='ltr'><strong>volt,</strong></span> <span class='ocrx_word' id='word_1_11' title='bbox 597 968 702 1030; x_wconf 80' lang='lat' dir='ltr'><strong>virszo</strong></span> <span class='ocrx_word' id='word_1_12' title='bbox 719 968 768 1030; x_wconf 65' lang='lat' dir='ltr'><strong>tir</strong></span> <span class='ocrx_word' id='word_1_13' title='bbox 784 969 953 1052; x_wconf 80' lang='lat' dir='ltr'><strong>hazdjdbc.</strong></span> <span class='ocrx_word' id='word_1_14' title='bbox 972 971 1066 1031; x_wconf 78' lang='lat'><em>1297.</em></span> 
     </span>
    </p>
   </div>
   <div class='ocr_carea' id='block_1_3' title="bbox 1 1140 1219 2298">
    <p class='ocr_par' dir='ltr' id='par_1_3' title="bbox 1 1140 1219 1453">
     <span class='ocr_line' id='line_1_4' title="bbox 199 1140 1218 1226; baseline 0.002 -20"><span class='ocrx_word' id='word_1_15' title='bbox 199 1140 365 1226; x_wconf 82' lang='lat' dir='ltr'><strong>Scriptum</strong></span> <span class='ocrx_word' id='word_1_16' title='bbox 390 1149 439 1207; x_wconf 86' lang='lat' dir='ltr'><strong>est</strong></span> <span class='ocrx_word' id='word_1_17' title='bbox 461 1144 627 1225; x_wconf 86' lang='lat' dir='ltr'>Episcopo</span> <span class='ocrx_word' id='word_1_18' title='bbox 651 1143 839 1226; x_wconf 90' lang='lat' dir='ltr'><strong>Rapullano</strong></span> <span class='ocrx_word' id='word_1_19' title='bbox 865 1151 897 1206; x_wconf 92' lang='lat' dir='ltr'><strong>et</strong></span> <span class='ocrx_word' id='word_1_20' title='bbox 912 1143 1059 1209; x_wconf 91' lang='lat' dir='ltr'><strong>Henrico</strong></span> <span class='ocrx_word' id='word_1_21' title='bbox 1076 1144 1116 1209; x_wconf 87' lang='lat' dir='ltr'><strong>de</strong></span> <span class='ocrx_word' id='word_1_22' title='bbox 1133 1144 1218 1210; x_wconf 88' lang='lat' dir='ltr'><strong>Her-</strong></span> 
     </span>
     <span class='ocr_line' id='line_1_5' title="bbox 98 1245 1219 1335; baseline 0.003 -23"><span class='ocrx_word' id='word_1_23' title='bbox 98 1248 173 1313; x_wconf 86' lang='lat' dir='ltr'><strong>uilla</strong></span> <span class='ocrx_word' id='word_1_24' title='bbox 203 1247 338 1314; x_wconf 86' lang='lat' dir='ltr'><strong>Secreto</strong></span> <span class='ocrx_word' id='word_1_25' title='bbox 369 1257 402 1314; x_wconf 91' lang='lat' dir='ltr'><strong>et</strong></span> <span class='ocrx_word' id='word_1_26' title='bbox 431 1249 594 1333; x_wconf 87' lang='lat' dir='ltr'><strong>Magistro</strong></span> <span class='ocrx_word' id='word_1_27' title='bbox 629 1245 809 1316; x_wconf 73' lang='lat' dir='ltr'><strong>Postulano</strong></span> <span class='ocrx_word' id='word_1_28' title='bbox 835 1247 957 1335; x_wconf 85' lang='lat' dir='ltr'><strong>Apulie</strong></span> <span class='ocrx_word' id='word_1_29' title='bbox 988 1259 1022 1316; x_wconf 86' lang='lat' dir='ltr'><strong>et</strong></span> <span class='ocrx_word' id='word_1_30' title='bbox 1047 1249 1147 1315; x_wconf 90' lang='lat' dir='ltr'><strong>Petro</strong></span> <span class='ocrx_word' id='word_1_31' title='bbox 1179 1252 1219 1316; x_wconf 90' lang='lat' dir='ltr'><strong>de</strong></span> 
     </span>
     <span class='ocr_line' id='line_1_6' title="bbox 1 1355 286 1453; baseline -0.014 -31"><span class='ocrx_word' id='word_1_32' title='bbox 1 1436 2 1453; x_wconf 13' lang='grc' dir='ltr'>χ</span> <span class='ocrx_word' id='word_1_33' title='bbox 94 1355 206 1422; x_wconf 74' lang='lat' dir='ltr'><strong>Murra</strong></span> <span class='ocrx_word' id='word_1_34' title='bbox 223 1362 286 1422; x_wconf 83' lang='lat' dir='ltr'><strong>etc.</strong></span> 
     </span>
    </p>

    <p class='ocr_par' dir='ltr' id='par_1_4' title="bbox 93 1460 1218 2298">
     <span class='ocr_line' id='line_1_7' title="bbox 198 1460 1218 1547; baseline 0.001 -20"><span class='ocrx_word' id='word_1_35' title='bbox 198 1460 282 1527; x_wconf 76' lang='lat' dir='ltr'><strong>(lum</strong></span> <span class='ocrx_word' id='word_1_36' title='bbox 308 1485 368 1528; x_wconf 90' lang='lat' dir='ltr'><strong>nos</strong></span> <span class='ocrx_word' id='word_1_37' title='bbox 384 1462 501 1528; x_wconf 83' lang='lat' dir='ltr'><strong>Oosme</strong></span> <span class='ocrx_word' id='word_1_38' title='bbox 527 1461 568 1527; x_wconf 86' lang='lat' dir='ltr'><strong>de</strong></span> <span class='ocrx_word' id='word_1_39' title='bbox 584 1463 735 1546; x_wconf 85' lang='lat' dir='ltr'><strong>Vngaria</strong></span> <span class='ocrx_word' id='word_1_40' title='bbox 760 1464 914 1547; x_wconf 85' lang='lat' dir='ltr'><strong>lamiharj</strong></span> <span class='ocrx_word' id='word_1_41' title='bbox 941 1462 1019 1528; x_wconf 91' lang='lat' dir='ltr'><strong>olim</strong></span> <span class='ocrx_word' id='word_1_42' title='bbox 1043 1464 1128 1530; x_wconf 89' lang='lat' dir='ltr'><strong>bone</strong></span> <span class='ocrx_word' id='word_1_43' title='bbox 1153 1486 1218 1528; x_wconf 88' lang='lat' dir='ltr'><strong>me-</strong></span> 
     </span>
     <span class='ocr_line' id='line_1_8' title="bbox 94 1567 1217 1654; baseline 0.002 -22"><span class='ocrx_word' id='word_1_44' title='bbox 94 1572 193 1634; x_wconf 86' lang='lat' dir='ltr'>morie</span> <span class='ocrx_word' id='word_1_45' title='bbox 209 1569 313 1654; x_wconf 85' lang='lat' dir='ltr'><strong>Regis</strong></span> <span class='ocrx_word' id='word_1_46' title='bbox 329 1567 475 1654; x_wconf 83' lang='lat' dir='ltr'><strong>Vngarie</strong></span> <span class='ocrx_word' id='word_1_47' title='bbox 499 1572 708 1654; x_wconf 84' lang='lat' dir='ltr'><strong>primogeniti</strong></span> <span class='ocrx_word' id='word_1_48' title='bbox 734 1573 837 1635; x_wconf 78' lang='lat' dir='ltr'><strong>nostri</strong></span> <span class='ocrx_word' id='word_1_49' title='bbox 855 1570 943 1635; x_wconf 89' lang='lat' dir='ltr'><strong>fideli</strong></span> <span class='ocrx_word' id='word_1_50' title='bbox 959 1577 1070 1635; x_wconf 89' lang='lat' dir='ltr'><strong>nostro</strong></span> <span class='ocrx_word' id='word_1_51' title='bbox 1087 1571 1130 1636; x_wconf 87' lang='lat' dir='ltr'><strong>ad</strong></span> <span class='ocrx_word' id='word_1_52' title='bbox 1147 1592 1217 1654; x_wconf 89' lang='lat' dir='ltr'><strong>pre-</strong></span> 
     </span>
     <span class='ocr_line' id='line_1_9' title="bbox 94 1675 1217 1762; baseline 0.001 -21"><span class='ocrx_word' id='word_1_53' title='bbox 94 1699 164 1741; x_wconf 90' lang='lat' dir='ltr'><strong>sens</strong></span> <span class='ocrx_word' id='word_1_54' title='bbox 180 1679 215 1740; x_wconf 91' lang='lat' dir='ltr'><strong>in</strong></span> <span class='ocrx_word' id='word_1_55' title='bbox 231 1675 414 1761; x_wconf 81' lang='lat' dir='ltr'><strong>Vngariam</strong></span> <span class='ocrx_word' id='word_1_56' title='bbox 439 1676 547 1742; x_wconf 86' lang='lat' dir='ltr'><strong>redire</strong></span> <span class='ocrx_word' id='word_1_57' title='bbox 564 1678 686 1762; x_wconf 81' lang='lat' dir='ltr'><strong>uolentj</strong></span> <span class='ocrx_word' id='word_1_58' title='bbox 705 1679 747 1744; x_wconf 85' lang='lat' dir='ltr'><strong>ad</strong></span> <span class='ocrx_word' id='word_1_59' title='bbox 763 1698 906 1742; x_wconf 88' lang='lat' dir='ltr'><strong>sororem</strong></span> <span class='ocrx_word' id='word_1_60' title='bbox 922 1684 1068 1743; x_wconf 90' lang='lat' dir='ltr'><strong>nostram</strong></span> <span class='ocrx_word' id='word_1_61' title='bbox 1083 1679 1217 1742; x_wconf 87' lang='lat' dir='ltr'><strong>karissi-</strong></span> 
     </span>
     <span class='ocr_line' id='line_1_10' title="bbox 93 1783 1216 1869; baseline 0 -21"><span class='ocrx_word' id='word_1_62' title='bbox 93 1807 176 1850; x_wconf 89' lang='lat' dir='ltr'><strong>mam</strong></span> <span class='ocrx_word' id='word_1_63' title='bbox 191 1785 341 1869; x_wconf 86' lang='lat' dir='ltr'><strong>Vngarie</strong></span> <span class='ocrx_word' id='word_1_64' title='bbox 358 1783 521 1866; x_wconf 81' lang='lat' dir='ltr'><strong>Reginam</strong></span> <span class='ocrx_word' id='word_1_65' title='bbox 536 1785 713 1866; x_wconf 88' lang='lat' dir='ltr'><strong>Illustrem,</strong></span> <span class='ocrx_word' id='word_1_66' title='bbox 729 1787 820 1850; x_wconf 90' lang='lat' dir='ltr'><strong>cuius</strong></span> <span class='ocrx_word' id='word_1_67' title='bbox 836 1785 1008 1851; x_wconf 87' lang='lat' dir='ltr'><strong>familiaris</strong></span> <span class='ocrx_word' id='word_1_68' title='bbox 1024 1786 1140 1866; x_wconf 69' lang='lat' dir='ltr'><strong>exstit,</strong></span> <span class='ocrx_word' id='word_1_69' title='bbox 1155 1806 1216 1869; x_wconf 88' lang='lat' dir='ltr'><strong>pro</strong></span> 
     </span>
     <span class='ocr_line' id='line_1_11' title="bbox 94 1891 1216 1976; baseline 0 -20"><span class='ocrx_word' id='word_1_70' title='bbox 94 1894 242 1974; x_wconf 82' lang='lat' dir='ltr'><strong>expensis</strong></span> <span class='ocrx_word' id='word_1_71' title='bbox 259 1894 326 1956; x_wconf 92' lang='lat' dir='ltr'><strong>suis</strong></span> <span class='ocrx_word' id='word_1_72' title='bbox 341 1894 376 1956; x_wconf 93' lang='lat' dir='ltr'><strong>in</strong></span> <span class='ocrx_word' id='word_1_73' title='bbox 393 1893 499 1958; x_wconf 90' lang='lat' dir='ltr'><strong>eundo</strong></span> <span class='ocrx_word' id='word_1_74' title='bbox 515 1892 555 1956; x_wconf 94' lang='lat' dir='ltr'><strong>de</strong></span> <span class='ocrx_word' id='word_1_75' title='bbox 570 1893 721 1976; x_wconf 88' lang='lat' dir='ltr'><strong>partibus</strong></span> <span class='ocrx_word' id='word_1_76' title='bbox 736 1893 808 1956; x_wconf 89' lang='lat' dir='ltr'><strong>istis</strong></span> <span class='ocrx_word' id='word_1_77' title='bbox 822 1893 865 1957; x_wconf 89' lang='lat' dir='ltr'><strong>ad</strong></span> <span class='ocrx_word' id='word_1_78' title='bbox 881 1891 965 1974; x_wconf 90' lang='lat' dir='ltr'><strong>illas,</strong></span> <span class='ocrx_word' id='word_1_79' title='bbox 981 1893 1147 1958; x_wconf 76' lang='lat' dir='ltr'><strong>licentiam</strong></span> <span class='ocrx_word' id='word_1_80' title='bbox 1163 1916 1216 1958; x_wconf 85' lang='lat' dir='ltr'><strong>ex-</strong></span> 
     </span>
     <span class='ocr_line' id='line_1_12' title="bbox 93 1998 1217 2083; baseline 0.004 -23"><span class='ocrx_word' id='word_1_81' title='bbox 93 1998 244 2064; x_wconf 89' lang='lat' dir='ltr'><strong>trahendi</strong></span> <span class='ocrx_word' id='word_1_82' title='bbox 269 2021 329 2082; x_wconf 90' lang='lat' dir='ltr'><strong>per</strong></span> <span class='ocrx_word' id='word_1_83' title='bbox 342 2022 433 2064; x_wconf 90' lang='lat' dir='ltr'><strong>mare</strong></span> <span class='ocrx_word' id='word_1_84' title='bbox 450 2001 490 2063; x_wconf 90' lang='lat' dir='ltr'><strong>de</strong></span> <span class='ocrx_word' id='word_1_85' title='bbox 506 1999 752 2082; x_wconf 84' lang='lat' dir='ltr'><strong>quibuscunque</strong></span> <span class='ocrx_word' id='word_1_86' title='bbox 768 2000 925 2083; x_wconf 88' lang='lat' dir='ltr'><strong>portubus</strong></span> <span class='ocrx_word' id='word_1_87' title='bbox 940 1999 1026 2062; x_wconf 90' lang='lat' dir='ltr'><strong>dicte</strong></span> <span class='ocrx_word' id='word_1_88' title='bbox 1042 1999 1217 2065; x_wconf 90' lang='lat' dir='ltr'><strong>Prouincie</strong></span> 
     </span>
     <span class='ocr_line' id='line_1_13' title="bbox 93 2098 1216 2191; baseline 0.002 -22"><span class='ocrx_word' id='word_1_89' title='bbox 93 2105 213 2188; x_wconf 89' lang='lat' dir='ltr'><strong>Apulie</strong></span> <span class='ocrx_word' id='word_1_90' title='bbox 237 2107 337 2172; x_wconf 85' lang='lat' dir='ltr'><strong>licit-is</strong></span> <span class='ocrx_word' id='word_1_91' title='bbox 362 2105 463 2173; x_wconf 89' lang='lat' dir='ltr'><strong>libere</strong></span> <span class='ocrx_word' id='word_1_92' title='bbox 487 2130 507 2172; x_wconf 90' lang='lat' dir='ltr'><strong>a</strong></span> <span class='ocrx_word' id='word_1_93' title='bbox 530 2107 605 2191; x_wconf 87' lang='lat' dir='ltr'><strong>jure</strong></span> <span class='ocrx_word' id='word_1_94' title='bbox 625 2098 772 2191; x_wconf 85' lang='lat' dir='ltr'><strong>quolibet</strong></span> <span class='ocrx_word' id='word_1_95' title='bbox 787 2109 911 2174; x_wconf 84' lang='lat' dir='ltr'><strong>exitura</strong></span> <span class='ocrx_word' id='word_1_96' title='bbox 926 2105 1081 2172; x_wconf 87' lang='lat' dir='ltr'><strong>frumenti</strong></span> <span class='ocrx_word' id='word_1_97' title='bbox 1097 2107 1216 2172; x_wconf 88' lang='lat' dir='ltr'><strong>salmas</strong></span> 
     </span>
     <span class='ocr_line' id='line_1_14' title="bbox 93 2211 1217 2298; baseline 0.002 -22"><span class='ocrx_word' id='word_1_98' title='bbox 93 2219 219 2277; x_wconf 87' lang='lat' dir='ltr'><strong>centum</strong></span> <span class='ocrx_word' id='word_1_99' title='bbox 236 2219 270 2278; x_wconf 91' lang='lat' dir='ltr'><strong>et</strong></span> <span class='ocrx_word' id='word_1_100' title='bbox 285 2215 525 2297; x_wconf 87' lang='lat' dir='ltr'><strong>quinquaginta</strong></span> <span class='ocrx_word' id='word_1_101' title='bbox 540 2213 701 2297; x_wconf 86' lang='lat' dir='ltr'><strong>generalis</strong></span> <span class='ocrx_word' id='word_1_102' title='bbox 711 2235 859 2278; x_wconf 86' lang='lat' dir='ltr'><strong>mensure</strong></span> <span class='ocrx_word' id='word_1_103' title='bbox 868 2212 1018 2278; x_wconf 87' lang='lat' dir='ltr'><strong>ferendas</strong></span> <span class='ocrx_word' id='word_1_104' title='bbox 1029 2220 1121 2279; x_wconf 84' lang='lat' dir='ltr'><strong>extra</strong></span> <span class='ocrx_word' id='word_1_105' title='bbox 1131 2211 1217 2298; x_wconf 83' lang='lat' dir='ltr'><strong>Reg-</strong></span> 
     </span>
    </p>
   </div>
   <div class='ocr_carea' id='block_1_4' title="bbox 1 2319 1217 2404">
    <p class='ocr_par' dir='ltr' id='par_1_5' title="bbox 1 2319 1217 2404">
     <span class='ocr_line' id='line_1_15' title="bbox 1 2319 1217 2404; baseline 0.002 -21"><span class='ocrx_word' id='word_1_106' title='bbox 1 2352 2 2360; x_wconf 20' lang='grc' dir='ltr'><strong>κ</strong></span> <span class='ocrx_word' id='word_1_107' title='bbox 92 2343 166 2384; x_wconf 93' lang='lat' dir='ltr'><strong>num</strong></span> <span class='ocrx_word' id='word_1_108' title='bbox 191 2341 386 2404; x_wconf 90' lang='lat' dir='ltr'><strong>quocunque</strong></span> <span class='ocrx_word' id='word_1_109' title='bbox 412 2321 561 2402; x_wconf 87' lang='lat' dir='ltr'><strong>uoluerit,</strong></span> <span class='ocrx_word' id='word_1_110' title='bbox 587 2327 796 2404; x_wconf 80' lang='lat' dir='ltr'><strong>preterquam</strong></span> <span class='ocrx_word' id='word_1_111' title='bbox 812 2321 855 2386; x_wconf 92' lang='lat' dir='ltr'><strong>ad</strong></span> <span class='ocrx_word' id='word_1_112' title='bbox 870 2321 1006 2386; x_wconf 88' lang='lat' dir='ltr'><strong>rebelles</strong></span> <span class='ocrx_word' id='word_1_113' title='bbox 1021 2319 1132 2386; x_wconf 91' lang='lat' dir='ltr'><strong>hostes</strong></span> <span class='ocrx_word' id='word_1_114' title='bbox 1147 2343 1217 2386; x_wconf 91' lang='lat' dir='ltr'><strong>nos·</strong></span> 
     </span>
    </p>
   </div>
   <div class='ocr_carea' id='block_1_5' title="bbox 92 2428 1217 2726">
    <p class='ocr_par' dir='ltr' id='par_1_6' title="bbox 92 2428 1217 2726">
     <span class='ocr_line' id='line_1_16' title="bbox 92 2428 1217 2513; baseline 0.005 -23"><span class='ocrx_word' id='word_1_115' title='bbox 92 2434 167 2509; x_wconf 88' lang='lat' dir='ltr'><strong>tros,</strong></span> <span class='ocrx_word' id='word_1_116' title='bbox 184 2450 259 2493; x_wconf 89' lang='lat' dir='ltr'><strong>cum</strong></span> <span class='ocrx_word' id='word_1_117' title='bbox 275 2429 520 2511; x_wconf 81' lang='lat' dir='ltr'><strong>quibuscunque</strong></span> <span class='ocrx_word' id='word_1_118' title='bbox 531 2428 676 2492; x_wconf 85' lang='lat' dir='ltr'><strong>vassallis</strong></span> <span class='ocrx_word' id='word_1_119' title='bbox 692 2429 957 2494; x_wconf 88' lang='lat' dir='ltr'><strong>conuenientibus</strong></span> <span class='ocrx_word' id='word_1_120' title='bbox 966 2429 1110 2513; x_wconf 85' lang='lat' dir='ltr'><strong>gratiose</strong></span> <span class='ocrx_word' id='word_1_121' title='bbox 1120 2430 1217 2496; x_wconf 84' lang='lat' dir='ltr'><strong>duxe-</strong></span> 
     </span>
     <span class='ocr_line' id='line_1_17' title="bbox 92 2532 1216 2619; baseline 0.005 -22"><span class='ocrx_word' id='word_1_122' title='bbox 92 2535 191 2599; x_wconf 82' lang='lat' dir='ltr'><strong>rimus</strong></span> <span class='ocrx_word' id='word_1_123' title='bbox 216 2532 474 2599; x_wconf 84' lang='lat' dir='ltr'><strong>concedendam:</strong></span> <span class='ocrx_word' id='word_1_124' title='bbox 513 2534 663 2598; x_wconf 91' lang='lat' dir='ltr'><strong>fidelitati</strong></span> <span class='ocrx_word' id='word_1_125' title='bbox 688 2541 797 2598; x_wconf 89' lang='lat' dir='ltr'><strong>uestre</strong></span> <span class='ocrx_word' id='word_1_126' title='bbox 822 2533 1024 2618; x_wconf 64' lang='lat' dir='ltr'><strong>precipimus</strong></span> <span class='ocrx_word' id='word_1_127' title='bbox 1056 2543 1216 2619; x_wconf 88' lang='lat' dir='ltr'><strong>quatenus</strong></span> 
     </span>
     <span class='ocr_line' id='line_1_18' title="bbox 92 2641 1216 2726; baseline 0.004 -22"><span class='ocrx_word' id='word_1_128' title='bbox 92 2649 223 2724; x_wconf 87' lang='lat' dir='ltr'><strong>recepta</strong></span> <span class='ocrx_word' id='word_1_129' title='bbox 247 2641 290 2706; x_wconf 88' lang='lat' dir='ltr'><strong>ab</strong></span> <span class='ocrx_word' id='word_1_130' title='bbox 316 2641 560 2706; x_wconf 87' lang='lat' dir='ltr'><strong>extrahentibus</strong></span> <span class='ocrx_word' id='word_1_131' title='bbox 576 2642 704 2724; x_wconf 88' lang='lat' dir='ltr'><strong>ydonea</strong></span> <span class='ocrx_word' id='word_1_132' title='bbox 717 2641 923 2706; x_wconf 85' lang='lat' dir='ltr'><strong>fideiussoris</strong></span> <span class='ocrx_word' id='word_1_133' title='bbox 938 2644 1096 2722; x_wconf 87' lang='lat' dir='ltr'><strong>cautione,</strong></span> <span class='ocrx_word' id='word_1_134' title='bbox 1128 2644 1216 2726; x_wconf 94' lang='lat' dir='ltr'><strong>quod</strong></span> 
     </span>
    </p>
   </div>
   <div class='ocr_carea' id='block_1_6' title="bbox 1 2742 1218 2815">
    <p class='ocr_par' dir='ltr' id='par_1_7' title="bbox 1 2742 1218 2815">
     <span class='ocr_line' id='line_1_19' title="bbox 1 2742 1218 2815; baseline 0.006 -7"><span class='ocrx_word' id='word_1_135' title='bbox 1 2742 2 2756; x_wconf 57' lang='lat'>¹</span> <span class='ocrx_word' id='word_1_136' title='bbox 91 2746 287 2812; x_wconf 86' lang='lat' dir='ltr'><strong>frumentum</strong></span> <span class='ocrx_word' id='word_1_137' title='bbox 310 2746 494 2811; x_wconf 91' lang='lat' dir='ltr'><strong>huiusmodi</strong></span> <span class='ocrx_word' id='word_1_138' title='bbox 520 2747 648 2810; x_wconf 91' lang='lat' dir='ltr'><strong>nonnisi</strong></span> <span class='ocrx_word' id='word_1_139' title='bbox 673 2746 715 2810; x_wconf 89' lang='lat' dir='ltr'><strong>ad</strong></span> <span class='ocrx_word' id='word_1_140' title='bbox 739 2753 845 2810; x_wconf 87' lang='lat' dir='ltr'><strong>terras</strong></span> <span class='ocrx_word' id='word_1_141' title='bbox 871 2753 904 2810; x_wconf 90' lang='lat' dir='ltr'><strong>et</strong></span> <span class='ocrx_word' id='word_1_142' title='bbox 927 2746 1000 2811; x_wconf 89' lang='lat' dir='ltr'><strong>loca</strong></span> <span class='ocrx_word' id='word_1_143' title='bbox 1024 2747 1167 2814; x_wconf 88' lang='lat' dir='ltr'><strong>fidelium</strong></span> <span class='ocrx_word' id='word_1_144' title='bbox 1184 2758 1218 2815; x_wconf 90' lang='lat' dir='ltr'><strong>et</strong></span> 
     </span>
    </p>
   </div>
   <div class='ocr_carea' id='block_1_7' title="bbox 1 2852 1278 4336">
    <p class='ocr_par' dir='ltr' id='par_1_8' title="bbox 1 2852 1218 3476">
     <span class='ocr_line' id='line_1_20' title="bbox 93 2852 1217 2936; baseline 0.005 -20"><span class='ocrx_word' id='word_1_145' title='bbox 93 2855 270 2918; x_wconf 88' lang='lat' dir='ltr'><strong>amicorum</strong></span> <span class='ocrx_word' id='word_1_146' title='bbox 289 2853 423 2935; x_wconf 85' lang='lat' dir='ltr'><strong>feratur,</strong></span> <span class='ocrx_word' id='word_1_147' title='bbox 441 2853 595 2936; x_wconf 91' lang='lat' dir='ltr'><strong>quodque</strong></span> <span class='ocrx_word' id='word_1_148' title='bbox 610 2852 697 2916; x_wconf 82' lang='lat' dir='ltr'><strong>inira</strong></span> <span class='ocrx_word' id='word_1_149' title='bbox 714 2859 839 2916; x_wconf 82' lang='lat' dir='ltr'><strong>certum</strong></span> <span class='ocrx_word' id='word_1_150' title='bbox 855 2860 888 2918; x_wconf 90' lang='lat' dir='ltr'><strong>et</strong></span> <span class='ocrx_word' id='word_1_151' title='bbox 903 2861 1137 2936; x_wconf 82' lang='lat' dir='ltr'><strong>competentem</strong></span> <span class='ocrx_word' id='word_1_152' title='bbox 1153 2865 1217 2922; x_wconf 88' lang='lat' dir='ltr'><strong>ter·</strong></span> 
     </span>
     <span class='ocr_line' id='line_1_21' title="bbox 92 2961 1216 3044; baseline 0.005 -21"><span class='ocrx_word' id='word_1_153' title='bbox 92 2963 211 3025; x_wconf 90' lang='lat' dir='ltr'><strong>minum</strong></span> <span class='ocrx_word' id='word_1_154' title='bbox 237 2961 283 3025; x_wconf 87' lang='lat' dir='ltr'><strong>eis</strong></span> <span class='ocrx_word' id='word_1_155' title='bbox 307 2981 366 3042; x_wconf 91' lang='lat' dir='ltr'><strong>per</strong></span> <span class='ocrx_word' id='word_1_156' title='bbox 390 2981 449 3024; x_wconf 90' lang='lat' dir='ltr'><strong>uos</strong></span> <span class='ocrx_word' id='word_1_157' title='bbox 466 2962 557 3025; x_wconf 89' lang='lat' dir='ltr'><strong>iuxta</strong></span> <span class='ocrx_word' id='word_1_158' title='bbox 571 2962 717 3027; x_wconf 89' lang='lat' dir='ltr'><strong>locorum</strong></span> <span class='ocrx_word' id='word_1_159' title='bbox 733 2961 922 3026; x_wconf 87' lang='lat' dir='ltr'><strong>distantiam</strong></span> <span class='ocrx_word' id='word_1_160' title='bbox 938 2961 1160 3044; x_wconf 83' lang='lat' dir='ltr'><strong>prefigendum</strong></span> <span class='ocrx_word' id='word_1_161' title='bbox 1176 2965 1216 3029; x_wconf 88' lang='lat' dir='ltr'><strong>de</strong></span> 
     </span>
     <span class='ocr_line' id='line_1_22' title="bbox 92 3066 1217 3150; baseline 0.005 -20"><span class='ocrx_word' id='word_1_162' title='bbox 92 3069 191 3150; x_wconf 88' lang='lat' dir='ltr'><strong>ipsius</strong></span> <span class='ocrx_word' id='word_1_163' title='bbox 208 3067 440 3132; x_wconf 86' lang='lat' dir='ltr'><strong>exoneratione</strong></span> <span class='ocrx_word' id='word_1_164' title='bbox 457 3066 611 3134; x_wconf 82' lang='lat' dir='ltr'><strong>frumenti</strong></span> <span class='ocrx_word' id='word_1_165' title='bbox 622 3067 771 3133; x_wconf 85' lang='lat' dir='ltr'><strong>facienda</strong></span> <span class='ocrx_word' id='word_1_166' title='bbox 782 3069 817 3131; x_wconf 92' lang='lat' dir='ltr'><strong>in</strong></span> <span class='ocrx_word' id='word_1_167' title='bbox 827 3067 1029 3133; x_wconf 85' lang='lat' dir='ltr'><strong>dictistern&#39;s</strong></span> <span class='ocrx_word' id='word_1_168' title='bbox 1039 3073 1217 3136; x_wconf 80' lang='lat' dir='ltr'><strong>amicorum</strong></span> 
     </span>
     <span class='ocr_line' id='line_1_23' title="bbox 91 3173 1217 3258; baseline 0.004 -20"><span class='ocrx_word' id='word_1_169' title='bbox 91 3182 121 3238; x_wconf 93' lang='lat' dir='ltr'><strong>et</strong></span> <span class='ocrx_word' id='word_1_170' title='bbox 136 3173 281 3238; x_wconf 89' lang='lat' dir='ltr'><strong>fidelium</strong></span> <span class='ocrx_word' id='word_1_171' title='bbox 297 3175 390 3240; x_wconf 88' lang='lat' dir='ltr'><strong>uobis</strong></span> <span class='ocrx_word' id='word_1_172' title='bbox 407 3177 497 3239; x_wconf 90' lang='lat' dir='ltr'><strong>iuxta</strong></span> <span class='ocrx_word' id='word_1_173' title='bbox 514 3177 650 3240; x_wconf 81' lang='lat' dir='ltr'><strong>formam</strong></span> <span class='ocrx_word' id='word_1_174' title='bbox 675 3196 734 3258; x_wconf 87' lang='lat' dir='ltr'><strong>per</strong></span> <span class='ocrx_word' id='word_1_175' title='bbox 750 3183 895 3240; x_wconf 88' lang='lat' dir='ltr'><strong>nostram</strong></span> <span class='ocrx_word' id='word_1_176' title='bbox 911 3175 1046 3241; x_wconf 80' lang='lat' dir='ltr'><strong>Curiam</strong></span> <span class='ocrx_word' id='word_1_177' title='bbox 1061 3179 1217 3244; x_wconf 89' lang='lat' dir='ltr'><strong>traditam</strong></span> 
     </span>
     <span class='ocr_line' id='line_1_24' title="bbox 1 3277 1218 3364; baseline 0.006 -21"><span class='ocrx_word' id='word_1_178' title='bbox 1 3277 2 3343; x_wconf 80' lang='lat' dir='ltr'><strong>i</strong></span> <span class='ocrx_word' id='word_1_179' title='bbox 91 3281 294 3364; x_wconf 88' lang='lat' dir='ltr'><strong>responsales</strong></span> <span class='ocrx_word' id='word_1_180' title='bbox 304 3279 427 3363; x_wconf 84' lang='lat' dir='ltr'><strong>ydonee</strong></span> <span class='ocrx_word' id='word_1_181' title='bbox 439 3280 631 3361; x_wconf 85' lang='lat' dir='ltr'><strong>referantur,</strong></span> <span class='ocrx_word' id='word_1_182' title='bbox 646 3283 827 3364; x_wconf 87' lang='lat' dir='ltr'><strong>predictam</strong></span> <span class='ocrx_word' id='word_1_183' title='bbox 839 3285 1054 3364; x_wconf 89' lang='lat' dir='ltr'><strong>quantitatem</strong></span> <span class='ocrx_word' id='word_1_184' title='bbox 1065 3283 1218 3350; x_wconf 82' lang='lat' dir='ltr'><strong>frumenti</strong></span> 
     </span>
     <span class='ocr_line' id='line_1_25' title="bbox 1 3385 1217 3476; baseline 0.006 -25"><span class='ocrx_word' id='word_1_185' title='bbox 1 3416 2 3476; x_wconf 50' lang='lat' dir='ltr'><strong>p</strong></span> <span class='ocrx_word' id='word_1_186' title='bbox 90 3409 147 3470; x_wconf 90' lang='lat' dir='ltr'><strong>per</strong></span> <span class='ocrx_word' id='word_1_187' title='bbox 172 3390 295 3454; x_wconf 89' lang='lat' dir='ltr'><strong>dictum</strong></span> <span class='ocrx_word' id='word_1_188' title='bbox 313 3385 474 3472; x_wconf 83' lang='lat' dir='ltr'><strong>Cosmam,</strong></span> <span class='ocrx_word' id='word_1_189' title='bbox 499 3391 568 3454; x_wconf 91' lang='lat' dir='ltr'><strong>eius</strong></span> <span class='ocrx_word' id='word_1_190' title='bbox 592 3397 821 3473; x_wconf 86' lang='lat' dir='ltr'><strong>procuratores</strong></span> <span class='ocrx_word' id='word_1_191' title='bbox 838 3411 895 3453; x_wconf 90' lang='lat' dir='ltr'><strong>seu</strong></span> <span class='ocrx_word' id='word_1_192' title='bbox 910 3393 1046 3455; x_wconf 92' lang='lat' dir='ltr'><strong>nuncios</strong></span> <span class='ocrx_word' id='word_1_193' title='bbox 1062 3393 1103 3455; x_wconf 87' lang='lat' dir='ltr'><strong>dc</strong></span> <span class='ocrx_word' id='word_1_194' title='bbox 1120 3394 1217 3458; x_wconf 91' lang='lat' dir='ltr'><strong>dictis</strong></span> 
     </span>
    </p>

    <p class='ocr_par' dir='ltr' id='par_1_9' title="bbox 1 3484 1278 4336">
     <span class='ocr_line' id='line_1_26' title="bbox 1 3484 1278 3582; baseline 0.006 -24"><span class='ocrx_word' id='word_1_195' title='bbox 1 3485 3 3518; x_wconf 59' lang='lat'><em>³</em></span> <span class='ocrx_word' id='word_1_196' title='bbox 91 3498 249 3577; x_wconf 89' lang='lat' dir='ltr'><strong>portubus</strong></span> <span class='ocrx_word' id='word_1_197' title='bbox 274 3495 374 3560; x_wconf 89' lang='lat' dir='ltr'><strong>licitis</strong></span> <span class='ocrx_word' id='word_1_198' title='bbox 390 3496 492 3560; x_wconf 89' lang='lat' dir='ltr'><strong>libere</strong></span> <span class='ocrx_word' id='word_1_199' title='bbox 509 3520 529 3560; x_wconf 90' lang='lat' dir='ltr'><strong>a</strong></span> <span class='ocrx_word' id='word_1_200' title='bbox 544 3498 615 3561; x_wconf 91' lang='lat' dir='ltr'><strong>iure</strong></span> <span class='ocrx_word' id='word_1_201' title='bbox 632 3496 780 3579; x_wconf 87' lang='lat' dir='ltr'><strong>quolibet</strong></span> <span class='ocrx_word' id='word_1_202' title='bbox 796 3499 922 3561; x_wconf 81' lang='lat' dir='ltr'><strong>exitura</strong></span> <span class='ocrx_word' id='word_1_203' title='bbox 937 3498 1066 3563; x_wconf 88' lang='lat' dir='ltr'><strong>extrahi</strong></span> <span class='ocrx_word' id='word_1_204' title='bbox 1082 3503 1217 3582; x_wconf 88' lang='lat' dir='ltr'><strong>permic·</strong></span> <span class='ocrx_word' id='word_1_205' title='bbox 1277 3484 1278 3487; x_wconf 8' lang='grc' dir='ltr'><strong>Ἴ</strong></span> 
     </span>
     <span class='ocr_line' id='line_1_27' title="bbox 90 3603 1217 3688; baseline 0.005 -21"><span class='ocrx_word' id='word_1_206' title='bbox 90 3607 176 3683; x_wconf 84' lang='lat' dir='ltr'><strong>tatis,</strong></span> <span class='ocrx_word' id='word_1_207' title='bbox 192 3603 343 3667; x_wconf 87' lang='lat' dir='ltr'><strong>ferendas</strong></span> <span class='ocrx_word' id='word_1_208' title='bbox 353 3603 487 3685; x_wconf 86' lang='lat' dir='ltr'><strong>abinde,</strong></span> <span class='ocrx_word' id='word_1_209' title='bbox 502 3611 534 3670; x_wconf 86' lang='lat' dir='ltr'><strong>vt</strong></span> <span class='ocrx_word' id='word_1_210' title='bbox 545 3605 758 3686; x_wconf 87' lang='lat' dir='ltr'><strong>premictitur,</strong></span> <span class='ocrx_word' id='word_1_211' title='bbox 775 3626 931 3688; x_wconf 87' lang='lat' dir='ltr'><strong>permare</strong></span> <span class='ocrx_word' id='word_1_212' title='bbox 942 3628 1014 3671; x_wconf 91' lang='lat' dir='ltr'><strong>cum</strong></span> <span class='ocrx_word' id='word_1_213' title='bbox 1025 3611 1217 3675; x_wconf 87' lang='lat' dir='ltr'><strong>conuenien-</strong></span> 
     </span>
     <span class='ocr_line' id='line_1_28' title="bbox 89 3709 1218 3796; baseline 0.007 -24"><span class='ocrx_word' id='word_1_214' title='bbox 89 3709 175 3774; x_wconf 90' lang='lat' dir='ltr'><strong>tibus</strong></span> <span class='ocrx_word' id='word_1_215' title='bbox 200 3709 348 3776; x_wconf 72' lang='lat' dir='ltr'><strong>tassellis</strong></span> <span class='ocrx_word' id='word_1_216' title='bbox 374 3731 566 3793; x_wconf 91' lang='lat' dir='ltr'><strong>quocunque</strong></span> <span class='ocrx_word' id='word_1_217' title='bbox 591 3711 732 3777; x_wconf 89' lang='lat' dir='ltr'><strong>uoluerit</strong></span> <span class='ocrx_word' id='word_1_218' title='bbox 757 3719 849 3777; x_wconf 85' lang='lat' dir='ltr'><strong>extra</strong></span> <span class='ocrx_word' id='word_1_219' title='bbox 864 3709 1016 3796; x_wconf 83' lang='lat' dir='ltr'><strong>Regnum</strong></span> <span class='ocrx_word' id='word_1_220' title='bbox 1032 3713 1074 3778; x_wconf 86' lang='lat' dir='ltr'><strong>ad</strong></span> <span class='ocrx_word' id='word_1_221' title='bbox 1090 3713 1164 3780; x_wconf 89' lang='lat' dir='ltr'><strong>loca</strong></span> <span class='ocrx_word' id='word_1_222' title='bbox 1179 3716 1218 3780; x_wconf 92' lang='lat' dir='ltr'><strong>li·</strong></span> 
     </span>
     <span class='ocr_line' id='line_1_29' title="bbox 1 3818 1218 3907; baseline 0.007 -27"><span class='ocrx_word' id='word_1_223' title='bbox 1 3855 2 3866; x_wconf 30' lang='grc' dir='ltr'><strong>κ</strong></span> <span class='ocrx_word' id='word_1_224' title='bbox 90 3821 162 3896; x_wconf 86' lang='lat' dir='ltr'><strong>cita,</strong></span> <span class='ocrx_word' id='word_1_225' title='bbox 187 3823 222 3881; x_wconf 84' lang='lat' dir='ltr'><strong>rt</strong></span> <span class='ocrx_word' id='word_1_226' title='bbox 246 3824 297 3882; x_wconf 89' lang='lat' dir='ltr'><strong>est</strong></span> <span class='ocrx_word' id='word_1_227' title='bbox 322 3818 454 3902; x_wconf 89' lang='lat' dir='ltr'><strong>dictum,</strong></span> <span class='ocrx_word' id='word_1_228' title='bbox 478 3821 633 3886; x_wconf 85' lang='lat' dir='ltr'><strong>mandato</strong></span> <span class='ocrx_word' id='word_1_229' title='bbox 660 3821 711 3884; x_wconf 93' lang='lat' dir='ltr'><strong>uel</strong></span> <span class='ocrx_word' id='word_1_230' title='bbox 729 3821 934 3886; x_wconf 89' lang='lat' dir='ltr'><strong>ordinatione</strong></span> <span class='ocrx_word' id='word_1_231' title='bbox 951 3845 1144 3907; x_wconf 89' lang='lat' dir='ltr'><strong>quacunque</strong></span> <span class='ocrx_word' id='word_1_232' title='bbox 1161 3843 1218 3888; x_wconf 89' lang='lat' dir='ltr'><strong>seu</strong></span> 
     </span>
     <span class='ocr_line' id='line_1_30' title="bbox 1 3913 1217 4013; baseline 0.006 -26"><span class='ocrx_word' id='word_1_233' title='bbox 1 3913 2 3936; x_wconf 58' lang='lat'>¹</span> <span class='ocrx_word' id='word_1_234' title='bbox 88 3933 199 3990; x_wconf 87' lang='lat' dir='ltr'><strong>tenore</strong></span> <span class='ocrx_word' id='word_1_235' title='bbox 224 3929 470 4006; x_wconf 87' lang='lat' dir='ltr'><strong>commissionis,</strong></span> <span class='ocrx_word' id='word_1_236' title='bbox 496 3951 556 4011; x_wconf 89' lang='lat' dir='ltr'><strong>per</strong></span> <span class='ocrx_word' id='word_1_237' title='bbox 579 3928 668 4011; x_wconf 91' lang='lat' dir='ltr'><strong>quod</strong></span> <span class='ocrx_word' id='word_1_238' title='bbox 683 3936 793 4013; x_wconf 89' lang='lat' dir='ltr'><strong>posset</strong></span> <span class='ocrx_word' id='word_1_239' title='bbox 808 3931 967 4011; x_wconf 86' lang='lat' dir='ltr'><strong>presentis</strong></span> <span class='ocrx_word' id='word_1_240' title='bbox 983 3931 1130 3995; x_wconf 86' lang='lat' dir='ltr'><strong>mandati</strong></span> <span class='ocrx_word' id='word_1_241' title='bbox 1146 3950 1217 3995; x_wconf 82' lang='lat' dir='ltr'><strong>exe-</strong></span> 
     </span>
     <span class='ocr_line' id='line_1_31' title="bbox 1 4033 1218 4125; baseline 0.007 -32"><span class='ocrx_word' id='word_1_242' title='bbox 1 4079 2 4125; x_wconf 36' lang='lat'>}</span> <span class='ocrx_word' id='word_1_243' title='bbox 89 4033 174 4096; x_wconf 90' lang='lat' dir='ltr'><strong>cutio</strong></span> <span class='ocrx_word' id='word_1_244' title='bbox 201 4033 365 4114; x_wconf 84' lang='lat' dir='ltr'><strong>impedirj,</strong></span> <span class='ocrx_word' id='word_1_245' title='bbox 391 4035 489 4098; x_wconf 89' lang='lat' dir='ltr'><strong>etiam</strong></span> <span class='ocrx_word' id='word_1_246' title='bbox 518 4035 543 4098; x_wconf 86' lang='lat' dir='ltr'><strong>si</strong></span> <span class='ocrx_word' id='word_1_247' title='bbox 561 4041 731 4117; x_wconf 86' lang='lat' dir='ltr'><strong>aperceret</strong></span> <span class='ocrx_word' id='word_1_248' title='bbox 747 4034 817 4117; x_wconf 87' lang='lat' dir='ltr'><strong>fierj</strong></span> <span class='ocrx_word' id='word_1_249' title='bbox 836 4034 876 4098; x_wconf 92' lang='lat' dir='ltr'><strong>de</strong></span> <span class='ocrx_word' id='word_1_250' title='bbox 893 4034 958 4099; x_wconf 90' lang='lat' dir='ltr'><strong>illis</strong></span> <span class='ocrx_word' id='word_1_251' title='bbox 973 4034 1102 4117; x_wconf 88' lang='lat' dir='ltr'><strong>plenam</strong></span> <span class='ocrx_word' id='word_1_252' title='bbox 1119 4043 1151 4101; x_wconf 87' lang='lat' dir='ltr'><strong>et</strong></span> <span class='ocrx_word' id='word_1_253' title='bbox 1167 4057 1218 4102; x_wconf 80' lang='lat' dir='ltr'><strong>ex·</strong></span> 
     </span>
     <span class='ocr_line' id='line_1_32' title="bbox 1 4127 1218 4225; baseline 0.007 -24"><span class='ocrx_word' id='word_1_254' title='bbox 1 4127 2 4174; x_wconf 65' lang='lat' dir='ltr'><strong>l</strong></span> <span class='ocrx_word' id='word_1_255' title='bbox 88 4159 232 4219; x_wconf 88' lang='lat' dir='ltr'><strong>pressam</strong></span> <span class='ocrx_word' id='word_1_256' title='bbox 257 4139 297 4204; x_wconf 87' lang='lat' dir='ltr'><strong>dc</strong></span> <span class='ocrx_word' id='word_1_257' title='bbox 322 4141 422 4205; x_wconf 91' lang='lat' dir='ltr'><strong>uerbo</strong></span> <span class='ocrx_word' id='word_1_258' title='bbox 439 4141 482 4206; x_wconf 88' lang='lat' dir='ltr'><strong>ad</strong></span> <span class='ocrx_word' id='word_1_259' title='bbox 498 4143 634 4207; x_wconf 89' lang='lat' dir='ltr'><strong>uerbum</strong></span> <span class='ocrx_word' id='word_1_260' title='bbox 650 4146 684 4206; x_wconf 93' lang='lat' dir='ltr'><strong>in</strong></span> <span class='ocrx_word' id='word_1_261' title='bbox 700 4143 905 4225; x_wconf 90' lang='lat' dir='ltr'><strong>presentibus</strong></span> <span class='ocrx_word' id='word_1_262' title='bbox 921 4143 1127 4223; x_wconf 89' lang='lat' dir='ltr'><strong>mentionem,</strong></span> <span class='ocrx_word' id='word_1_263' title='bbox 1152 4165 1218 4210; x_wconf 91' lang='lat' dir='ltr'><strong>non</strong></span> 
     </span>
     <span class='ocr_line' id='line_1_33' title="bbox 89 4243 1218 4336; baseline 0.01 -29"><span class='ocrx_word' id='word_1_264' title='bbox 89 4243 293 4311; x_wconf 87' lang='lat' dir='ltr'><strong>obstantibus</strong></span> <span class='ocrx_word' id='word_1_265' title='bbox 329 4268 460 4330; x_wconf 91' lang='lat' dir='ltr'><strong>quoquo</strong></span> <span class='ocrx_word' id='word_1_266' title='bbox 496 4249 601 4314; x_wconf 91' lang='lat' dir='ltr'><strong>modo.</strong></span> <span class='ocrx_word' id='word_1_267' title='bbox 647 4249 797 4330; x_wconf 74' lang='lat' dir='ltr'><strong>Prouisq</strong></span> <span class='ocrx_word' id='word_1_268' title='bbox 832 4249 920 4332; x_wconf 92' lang='lat' dir='ltr'><strong>quod</strong></span> <span class='ocrx_word' id='word_1_269' title='bbox 955 4255 1105 4332; x_wconf 88' lang='lat' dir='ltr'><strong>pretextu</strong></span> <span class='ocrx_word' id='word_1_270' title='bbox 1145 4273 1218 4336; x_wconf 86' lang='lat' dir='ltr'><strong>pre·</strong></span> 
     </span>
    </p>
   </div>
   <div class='ocr_carea' id='block_1_8' title="bbox 1 4354 1220 4642">
    <p class='ocr_par' dir='ltr' id='par_1_10' title="bbox 1 4354 1220 4642">
     <span class='ocr_line' id='line_1_34' title="bbox 1 4354 1218 4444; baseline 0.012 -31"><span class='ocrx_word' id='word_1_271' title='bbox 1 4389 2 4423; x_wconf 58' lang='lat'>1</span> <span class='ocrx_word' id='word_1_272' title='bbox 89 4354 186 4417; x_wconf 85' lang='lat' dir='ltr'><strong>sentis</strong></span> <span class='ocrx_word' id='word_1_273' title='bbox 212 4355 318 4418; x_wconf 87' lang='lat' dir='ltr'><strong>maior</strong></span> <span class='ocrx_word' id='word_1_274' title='bbox 344 4354 396 4418; x_wconf 91' lang='lat' dir='ltr'><strong>uel</strong></span> <span class='ocrx_word' id='word_1_275' title='bbox 421 4356 487 4420; x_wconf 82' lang='lat' dir='ltr'><strong>alia</strong></span> <span class='ocrx_word' id='word_1_276' title='bbox 522 4357 708 4423; x_wconf 90' lang='lat' dir='ltr'><strong>victualium</strong></span> <span class='ocrx_word' id='word_1_277' title='bbox 744 4359 920 4440; x_wconf 87' lang='lat' dir='ltr'><strong>quantitas,</strong></span> <span class='ocrx_word' id='word_1_278' title='bbox 959 4357 1013 4423; x_wconf 88' lang='lat' dir='ltr'><strong>uel</strong></span> <span class='ocrx_word' id='word_1_279' title='bbox 1043 4359 1111 4425; x_wconf 91' lang='lat' dir='ltr'><strong>alia</strong></span> <span class='ocrx_word' id='word_1_280' title='bbox 1142 4383 1218 4444; x_wconf 89' lang='lat' dir='ltr'><strong>que·</strong></span> 
     </span>
     <span class='ocr_line' id='line_1_35' title="bbox 89 4459 1220 4549; baseline 0.011 -26"><span class='ocrx_word' id='word_1_281' title='bbox 89 4479 212 4544; x_wconf 91' lang='lat' dir='ltr'><strong>cunque</strong></span> <span class='ocrx_word' id='word_1_282' title='bbox 239 4459 407 4544; x_wconf 90' lang='lat' dir='ltr'><strong>prohibita</strong></span> <span class='ocrx_word' id='word_1_283' title='bbox 432 4465 471 4529; x_wconf 87' lang='lat' dir='ltr'><strong>de</strong></span> <span class='ocrx_word' id='word_1_284' title='bbox 497 4464 594 4530; x_wconf 88' lang='lat' dir='ltr'><strong>dictis</strong></span> <span class='ocrx_word' id='word_1_285' title='bbox 619 4465 778 4549; x_wconf 89' lang='lat' dir='ltr'><strong>portubus</strong></span> <span class='ocrx_word' id='word_1_286' title='bbox 799 4465 985 4531; x_wconf 87' lang='lat' dir='ltr'><strong>nullatenus</strong></span> <span class='ocrx_word' id='word_1_287' title='bbox 1002 4470 1220 4536; x_wconf 87' lang='lat' dir='ltr'><strong>extrahantur</strong></span> 
     </span>
     <span class='ocr_line' id='line_1_36' title="bbox 1007 4577 1047 4642; baseline 0 -32"><span class='ocrx_word' id='word_1_288' title='bbox 1007 4577 1047 4642; x_wconf 74' lang='grc'><strong>9*</strong></span> 
     </span>
    </p>
   </div>
   <div class='ocr_carea' id='block_1_9' title="bbox 0 0 1592 5236">
    <p class='ocr_par' dir='ltr' id='par_1_11' title="bbox 0 0 1592 5236">
     <span class='ocr_line' id='line_1_37' title="bbox 0 0 1592 5236; baseline 0 1"><span class='ocrx_word' id='word_1_289' title='bbox 0 0 1592 5236; x_wconf 95' lang='lat' dir='ltr'><strong> </strong></span> 
     </span>
    </p>
   </div>
  </div>
 </body>
</html>
