3170 5234
575 276 669 338 1302.
1123 277 1185 338 167

71 473 197 535 seuque
222 459 371 536 spectare
398 456 431 520 et
458 451 622 536 pertinere
648 449 767 516 debent
782 455 815 516 et
830 457 966 536 possunt
984 471 1186 536 quocumque

69 561 153 627 modo
168 567 199 627 et
213 561 320 626 forma
336 559 379 625 ad
395 560 656 644 prenominatum
675 558 852 626 Commune
871 565 904 626 et
919 557 1097 626 Ciuitatem
1108 556 1187 646 Seg-

69 669 121 749 nie,
135 667 280 734 faciendo
306 667 422 734 exinde
446 671 663 734 instrumenta
691 673 724 734 et
740 674 850 735 cartas
865 690 938 734 eum
955 669 1043 732 omni
1060 667 1185 752 obliga-

69 781 154 862 tione,
168 779 343 844 securitate
359 785 392 852 et
407 796 574 862 panaque
590 776 777 859 aliqualiter
793 775 984 861 expedierit,
999 782 1033 841 et
1049 775 1092 840 ad
1107 775 1182 842 reci·

71 887 209 972 piendum
233 889 266 953 in
292 909 326 953 se
352 886 475 953 dictam
498 888 668 971 pecuniam
688 907 745 951 seu
763 891 893 969 partem
909 884 1010 968 ipsius
1026 905 1127 969 usque
1143 881 1187 950 ad

72 997 276 1079 quantitatem
300 994 558 1082 prenominatam
575 993 806 1060 cumomnibus
823 993 1085 1077 obligationibus,
1111 993 1189 1058 alie·

71 1103 244 1172 nationibus
261 1112 296 1170 et
311 1105 428 1171 debitis
453 1103 612 1168 adiunctis
634 1108 668 1168 et
693 1103 809 1186 positis
836 1123 933 1186 super
959 1099 1138 1169 Commune
1154 1107 1187 1166 et

73 1210 320 1278 Vniuersitatem
336 1217 370 1275 et
384 1210 472 1275 bona
488 1209 643 1276 Ciuitatis
656 1206 784 1293 Segnis,
809 1229 871 1294 que
902 1207 1006 1274 eidem
1022 1208 1073 1273 vel
1090 1207 1188 1276 elicui

72 1320 206 1404 ipsomm
222 1318 384 1385 videbitur
400 1316 570 1404 expedire,
587 1324 619 1382 et
634 1317 677 1382 ad
703 1316 962 1382 distribuendum
994 1318 1100 1400 ipsam
1116 1337 1188 1400 pec·

74 1427 191 1492 cuniam
206 1449 266 1512 per
281 1427 370 1510 ipsos
386 1432 552 1512 repertam
567 1446 668 1509 usque
684 1424 727 1490 ad
753 1424 873 1490 dictam
898 1425 1117 1508 quantitatem
1133 1447 1189 1494 sex

76 1535 206 1602 millibus
222 1535 382 1602 librarum
399 1534 542 1601 dandum
568 1541 600 1599 et
625 1533 856 1616 arrogandum,
882 1532 1080 1615 dunandum,
1111 1535 1188 1601 alie·

75 1643 208 1710 nandum
224 1649 258 1709 et
290 1643 536 1727 expendendum
561 1644 753 1725 cuicumque
777 1647 811 1706 et
835 1642 1091 1725 quibuscumque
1107 1647 1140 1708 et
1156 1646 1191 1708 in

74 1771 265 1835 quocumque
282 1751 418 1836 negocio
434 1751 502 1818 siue
532 1772 673 1834 persona
698 1757 731 1816 et
755 1749 902 1833 personis
928 1745 1143 1830 decreuerint,
1159 1757 1192 1814 et

73 1859 259 1940 generaliter
277 1858 320 1923 ad
346 1858 536 1938 laciendum,
562 1856 748 1941 gerendum,
779 1855 1002 1940 exercendum,
1017 1858 1191 1940 cumplen·

74 1964 152 2045 dum,
166 1972 199 2030 et
213 1965 434 2049 exequendum
451 1967 539 2033 cirea
557 1965 812 2030 numerationem
823 1971 855 2029 et
871 1963 1088 2047 receptionem
1105 1963 1192 2030 dicte

74 2075 198 2156 pecunie
214 2096 274 2158 per
290 2095 516 2158 quemcunque
548 2074 678 2140 modum
709 2072 820 2139 habite
854 2079 886 2137 et
916 2071 1064 2138 habende
1081 2092 1192 2136 omnes

75 2182 261 2265 securitates,
277 2180 504 2265 obligationes,
516 2182 731 2247 instrumenta
741 2187 775 2245 et
790 2186 909 2262 cartas,
919 2187 953 2244 et
962 2179 1192 2262 promissiones

74 2307 108 2351 ae
121 2309 215 2371 penas
248 2310 347 2373 super
380 2287 558 2355 Commune
591 2295 624 2354 et
654 2287 915 2357 Vniuersitatem
950 2294 983 2352 et
1014 2285 1193 2352 Ciuitatem

75 2391 195 2479 Segnis,
211 2417 415 2480 quecumque
432 2395 472 2460 de
498 2393 632 2460 consilio
658 2395 841 2478 sapientum
866 2396 909 2460 ad
933 2395 1090 2460 maiorem
1116 2413 1190 2458 cau·

75 2501 164 2566 telam
180 2502 320 2586 illorum,
336 2505 391 2586 qui
409 2502 532 2568 dictam
556 2503 727 2586 pecuniam
754 2501 888 2581 dabunt,
904 2502 990 2569 adici
1026 2506 1182 2586 poterunt

75 2614 105 2673 et
118 2631 302 2694 quecunque
318 2609 358 2677 de
373 2609 602 2677 consuetudine
618 2617 650 2676 et
665 2630 757 2676 more
773 2611 841 2676 siue
873 2611 1007 2677 statutis
1021 2608 1109 2674 illius
1124 2607 1196 2674 loci,
1275 2625 1278 2632 ’

76 2720 119 2784 vel
135 2719 297 2802 Ciuitatis,
313 2720 370 2786 ubi
387 2719 507 2785 dictam
524 2721 693 2803 pecuniam
724 2721 916 2802 receperint,
933 2720 1136 2804 spectabunt,
1153 2719 1195 2784 ad

76 2827 220 2892 maiorem
236 2827 443 2892 securitatem
460 2833 493 2892 et
509 2827 789 2892 conseruationem
816 2827 885 2892 sine
901 2826 1044 2910 dampno
1059 2823 1196 2890 credito·

77 2935 116 2998 ris
130 2937 227 3020 ipsius
244 2935 380 3019 pecunie
396 2936 463 2999 sive
481 2933 607 3000 datoris
633 2936 699 2999 sive
727 2933 928 3018 exhybitoris
945 2955 1004 3018 per
1022 2954 1195 3017 quemcun-

79 3061 132 3122 que
147 3043 276 3109 modum
292 3042 409 3126 ipsius;
429 3039 545 3106 dautes
577 3041 736 3124 equidem,
753 3041 968 3108 attribuentes
985 3049 1019 3107 et
1034 3041 1197 3110 irreuooa-

77 3146 179 3216 biliter
193 3149 408 3216 concedentes
441 3169 553 3214 omnes
585 3148 625 3214 de
656 3147 803 3232 prefecto
834 3146 981 3214 Consilio
998 3149 1146 3216 consulte
1163 3154 1195 3214 et

79 3255 289 3337 determinate,
306 3279 379 3324 eum
395 3276 554 3323 consensu
571 3261 605 3322 et
620 3257 826 3339 beneplacito
843 3257 1060 3340 prenominati
1072 3257 1193 3323 domini

80 3362 204 3434 Comitis
220 3366 352 3452 Duymi,
368 3365 505 3451 prelatis
516 3367 584 3433 suis
593 3365 873 3449 procuratoribus,
885 3366 1061 3449 actoribus,
1071 3366 1197 3434 nunciis

82 3480 111 3538 et
124 3477 262 3556 sindieis,
280 3476 424 3558 sanquis
441 3474 507 3538 alio
524 3475 653 3540 nomine
670 3476 721 3540 vel
737 3475 835 3542 titulo
852 3477 967 3542 melius
984 3479 1108 3544 censeri
1123 3498 1196 3561 pos·

83 3591 155 3667 sunt,
170 3583 322 3651 videlieet
339 3583 533 3650 Vieecomiti
565 3580 729 3667 Phylippo
754 3591 787 3650 et
819 3583 1008 3652 Vieecomiti
1025 3585 1197 3668 Dessigne,

81 3691 224 3759 ambobus
241 3690 373 3757 insimul
389 3695 421 3755 et
437 3688 571 3756 cuilibet
587 3709 698 3756 eorum
724 3711 782 3774 per
798 3714 831 3758 se
856 3699 889 3758 et
915 3693 950 3757 in
967 3692 1116 3776 solidum,
1132 3713 1197 3760 om-

80 3818 144 3865 nem
159 3803 364 3884 potestatem,
375 3797 613 3880 auctoritatem,
624 3796 807 3882 arbitrium,
823 3799 1003 3867 dominium
1019 3806 1051 3866 et
1066 3801 1200 3869 liberta·

81 3909 145 3990 lem,
160 3907 194 3972 in
210 3904 369 3991 predictis
387 3906 549 3987 omnibus,
566 3912 599 3971 et
615 3906 647 3970 in
663 3906 723 3989 his,
740 3925 803 3992 que
814 3908 857 3974 ad
872 3906 1022 3992 predicta
1036 3913 1201 3994 pertinere

84 4013 353 4098 dignoscerentur,
384 4013 529 4098 gerendi,
560 4012 711 4096 faciendi,
743 4016 935 4101 exequendi,
967 4018 1150 4103 complendi
1167 4026 1201 4084 et

81 4123 264 4206 stabiliendi,
280 4143 343 4207 que
358 4123 422 4206 ipsi
438 4143 549 4190 omues
581 4122 621 4188 de
652 4123 788 4191 consilio
820 4131 986 4209 presentes
1013 4133 1047 4192 et
1065 4147 1196 4195 consen·

83 4228 192 4298 cientes
208 4237 241 4296 et
249 4231 435 4296 uniuersum
446 4229 625 4297 Commune
636 4229 754 4316 Segnis
771 4235 922 4301 assistere
939 4241 972 4302 et
986 4235 1109 4322 polens,
1124 4258 1196 4322 pos·

2 4411 3 4428 ,
85 4339 276 4406 sentiscere
302 4345 333 4404 et
360 4339 532 4423 complere,
559 4346 592 4407 et
617 4361 818 4424 quecumque
834 4345 941 4427 quiuis
957 4351 1153 4429 procurator
1170 4350 1202 4412 et

2 4473 4 4516 ;
87 4444 214 4513 sindicus
224 4449 372 4534 legitime
384 4449 582 4515 constitutus
593 4469 706 4532 gerere
722 4456 754 4514 et
765 4471 915 4518 exercere
932 4453 965 4518 in
982 4453 1203 4521 consimilibus
