3222 5240
616 289 709 352 1330.
1065 264 1073 278 ’
1163 287 1226 350 aar

95 473 247 540 contenti
263 478 295 536 et
311 469 477 538 manifesti
499 467 631 538 fuerunt
660 468 813 536 habuisse
830 472 863 532 et
878 467 1035 552 recepisse
1052 467 1226 534 sindioario

90 582 227 647 nomine
251 578 397 663 predicto
423 599 443 642 a
469 575 640 643 Communi
664 575 882 646 veneciarum
898 595 955 640 seu
978 572 1226 641 aOamerariis

90 689 195 772 ipsius
214 687 403 753 Communis
418 691 531 750 mutuo
548 690 581 751 et
606 687 719 769 gratis,
744 683 932 768 specialiter
954 704 1015 767 pro
1033 683 1177 748 emendis
1194 690 1227 749 et

91 794 261 862 solvendis
279 775 397 858 stariis'
415 791 561 858 ducentis
586 790 754 857 fermentis
780 813 840 874 pro
865 792 1092 874 oportunitate
1117 797 1149 855 et
1166 810 1226 856 usu

90 901 266 967 hominum
284 901 369 965 dicte
386 907 482 982 terre,
512 900 738 966 renunciantes
755 905 812 964 etc.
829 907 862 964 et
878 899 938 967 sub
954 920 1039 984 pena
1056 899 1147 982 dupli
1164 903 1223 964 etc.

92 1016 129 1076 et
147 1009 229 1073 inde
245 1005 474 1090 obligauerunt
488 1029 556 1091 pus.
573 1007 683 1073 omnia
707 1005 794 1072 bona
810 1007 970 1074 dictorum
988 1005 1176 1073 Communis
1192 1013 1225 1072 et

92 1118 268 1184 hominum
283 1116 448 1200 presentia
464 1121 497 1181 et
512 1115 631 1181 futura.

205 1226 281 1308 Ego
308 1222 454 1289 Jacobus
479 1223 618 1290 condam
642 1221 816 1304 Johannis,
833 1222 873 1288 de
899 1223 1068 1306 Imperiali
1085 1223 1225 1289 auctori-

91 1341 162 1400 tate
181 1331 342 1399 Notarius
360 1339 392 1397 et
406 1331 554 1400 Ducatus
570 1329 784 1399 Venetiarum
800 1331 916 1414 scriba,
927 1329 1081 1415 predictis
1091 1331 1225 1398 interfui

93 1447 127 1507 et
143 1447 286 1524 ragatus
307 1439 429 1524 scripsi.

208 1616 245 1681 (A
260 1619 362 1670 »Liber
375 1622 541 1670 Paetorum«
557 1621 648 1671 ezimii
659 1619 797 1670 velenczei
810 1618 1042 1682 allamkonyvbol
1056 1618 1106 1670 IV.
1114 1619 1172 1668 iniit.
1184 1622 1224 1668 57.

91 1711 120 1770 1.,
134 1726 152 1760 a
166 1710 309 1760 velenczei
322 1724 396 1774 nagy
408 1711 602 1773 levtlttrban.)

583 1888 744 1896 -————--—-

635 2179 708 2238 291.

89 2337 214 2402 Rodert
231 2335 361 2400 sicilici
386 2336 568 2422 kirdiynak
594 2337 761 2419 ajdndika
777 2336 1113 2422 Mapyarorazcipbaa.
1132 2339 1227 2401 1330.

202 2602 331 2668 Eodem
363 2603 416 2668 die
448 2601 567 2667 ibidem
599 2601 682 2687 (XI.
713 2601 886 2686 Februarij
919 2601 1022 2667 XIII.
1038 2602 1227 2670 indictionis

89 2709 313 2795 Napolyban)
328 2710 469 2776 liberate
485 2717 562 2775 sunt
585 2709 694 2793 Lippo
720 2707 963 2774 Yldebrandini
995 2710 1170 2775 mercatori
1185 2709 1225 2776 de

89 2819 253 2884 societate
279 2817 468 2882 Bardorum
494 2816 534 2881 de
560 2816 734 2882 Florenoia
759 2837 819 2900 pro
846 2816 951 2899 pretio
977 2838 1059 2899 cupa
1075 2817 1167 2883 vnius
1185 2817 1225 2883 de

1 2981 2 2984 ,
92 2932 240 3009 argento
257 2945 329 2990 oum
346 2923 558 3007 cohopertnlo
575 2923 733 2989 deaurato
759 2924 911 3007 ponderis
942 2923 1100 2988 librarum
1117 2925 1226 3006 trium,

89 3039 204 3116 empie
223 3031 265 3096 ab
282 3053 319 3096 eo
331 3031 373 3097 ad
384 3031 544 3096 rationem
562 3032 603 3097 de
619 3031 742 3097 tarenis
754 3029 786 3098 V
797 3032 909 3114 granis
920 3029 1031 3099 XVII
1041 3030 1146 3096 minus
1163 3038 1225 3096 ter

89 3141 175 3204 tium
193 3159 255 3221 per
271 3139 396 3203 nnciam
411 3140 445 3203 in
456 3138 595 3204 carlonis
612 3137 740 3223 argenti
756 3139 952 3222 computatis
968 3144 1003 3204 vt
1019 3159 1118 3222 supra
1133 3137 1225 3205 vncie

89 3254 221 3332 septem
268 3279 849 3296 -------
895 3247 986 3312 vnoie
1001 3245 1079 3314 VH.

205 3351 300 3436 (iupa
330 3353 401 3435 ipsa
431 3351 573 3418 liberata
598 3352 707 3418 estad
738 3353 929 3418 mandatum
944 3352 1088 3437 Regium
1105 3351 1227 3420 Comiti

87 3462 202 3528 Molto
219 3462 260 3527 de
276 3459 435 3542 Vngaria,
451 3461 549 3526 misso
566 3482 624 3545 per
649 3461 798 3526 Barones
823 3459 966 3544 illarum,
980 3461 1135 3527 Partium
1151 3483 1226 3526 cum

88 3571 223 3637 lictoris
239 3588 352 3634 eorum
375 3569 418 3633 ad
443 3568 581 3633 eundem
607 3568 772 3633 dominum
797 3568 923 3651 Regem
947 3569 988 3635 de
1018 3568 1103 3634 dono
1119 3569 1221 3652 ipsius

89 3677 234 3744 Domini
249 3675 395 3760 predicto
412 3676 465 3741 die
482 3674 613 3742 ibidem.

203 3856 240 3918 (A
253 3855 322 3919 Reg.
336 3856 484 3920 Angioiui‹
496 3856 561 3905 225:
569 3855 677 3921 sz-Reg.
689 3855 788 3920 Karoli
798 3848 920 3906 illustris
932 3855 1076 3906 kotetebol
1088 3859 1146 3906 157.
1160 3857 1226 3917 lev„

89 3945 123 3980 az
148 3929 227 3980 elasa
250 3927 342 3990 kirtly
356 3928 467 3978 Grande
478 3927 671 3979 Archivioban
685 3929 872 3996 tholyban.)
