<?xml version="1.0" encoding="UTF-8"?>
<!DOCTYPE html PUBLIC "-//W3C//DTD XHTML 1.0 Transitional//EN"
    "http://www.w3.org/TR/xhtml1/DTD/xhtml1-transitional.dtd">
<html xmlns="http://www.w3.org/1999/xhtml" xml:lang="en" lang="en">
 <head>
  <title>
</title>
<meta http-equiv="Content-Type" content="text/html;charset=utf-8" />
  <meta name='ocr-system' content='tesseract 3.04.00' />
  <meta name='ocr-capabilities' content='ocr_page ocr_carea ocr_par ocr_line ocrx_word'/>
</head>
<body>
  <div class='ocr_page' id='page_1' title='image "./magyardiplomacz02wenzgoog_0164.png"; bbox 0 0 3174 5236; ppageno 0'>
   <div class='ocr_carea' id='block_1_1' title="bbox 412 305 1188 380">
    <p class='ocr_par' dir='ltr' id='par_1_1' title="bbox 412 305 1188 380">
     <span class='ocr_line' id='line_1_1' title="bbox 412 305 1188 380; baseline 0.003 -5"><span class='ocrx_word' id='word_1_1' title='bbox 412 305 474 376; x_wconf 76' lang='lat' dir='ltr'>lae</span> <span class='ocrx_word' id='word_1_2' title='bbox 773 329 1003 380; x_wconf 79' lang='lat' dir='ltr'>omnouaozmr</span> <span class='ocrx_word' id='word_1_3' title='bbox 1021 319 1188 380; x_wconf 72' lang='lat' dir='ltr'>macarium</span> 
     </span>
    </p>
   </div>
   <div class='ocr_carea' id='block_1_2' title="bbox 383 488 1586 3258">
    <p class='ocr_par' dir='ltr' id='par_1_2' title="bbox 383 488 1586 3258">
     <span class='ocr_line' id='line_1_2' title="bbox 411 488 1525 575; baseline -0.004 -19"><span class='ocrx_word' id='word_1_4' title='bbox 411 491 469 556; x_wconf 74' lang='lat' dir='ltr'>(las</span> <span class='ocrx_word' id='word_1_5' title='bbox 485 513 542 574; x_wconf 86' lang='lat' dir='ltr'>per</span> <span class='ocrx_word' id='word_1_6' title='bbox 559 511 648 555; x_wconf 76' lang='lat' dir='ltr'>unare</span> <span class='ocrx_word' id='word_1_7' title='bbox 663 491 717 555; x_wconf 79' lang='lat' dir='ltr'>‘ad</span> <span class='ocrx_word' id='word_1_8' title='bbox 742 488 862 558; x_wconf 82' lang='lat' dir='ltr'>Partes</span> <span class='ocrx_word' id='word_1_9' title='bbox 888 491 1063 557; x_wconf 84' lang='lat' dir='ltr'>Sclauonio</span> <span class='ocrx_word' id='word_1_10' title='bbox 1080 514 1139 575; x_wconf 91' lang='lat' dir='ltr'>pro</span> <span class='ocrx_word' id='word_1_11' title='bbox 1157 493 1334 557; x_wconf 85' lang='lat' dir='ltr'>munitione</span> <span class='ocrx_word' id='word_1_12' title='bbox 1357 497 1525 556; x_wconf 86' lang='lat' dir='ltr'>castrorum</span> 
     </span>
     <span class='ocr_line' id='line_1_3' title="bbox 410 597 1523 682; baseline -0.001 -21"><span class='ocrx_word' id='word_1_13' title='bbox 410 619 541 662; x_wconf 86' lang='lat' dir='ltr'>suorum</span> <span class='ocrx_word' id='word_1_14' title='bbox 557 599 704 680; x_wconf 85' lang='lat' dir='ltr'>ipsarum</span> <span class='ocrx_word' id='word_1_15' title='bbox 731 598 881 665; x_wconf 90' lang='lat' dir='ltr'>Partium</span> <span class='ocrx_word' id='word_1_16' title='bbox 907 603 1051 682; x_wconf 74' lang='lat' dir='ltr'><strong>gratiose</strong></span> <span class='ocrx_word' id='word_1_17' title='bbox 1077 601 1263 665; x_wconf 88' lang='lat' dir='ltr'>duxerimus</span> <span class='ocrx_word' id='word_1_18' title='bbox 1281 597 1523 664; x_wconf 78' lang='lat' dir='ltr'>concedendam:</span> 
     </span>
     <span class='ocr_line' id='line_1_4' title="bbox 408 703 1525 790; baseline -0.002 -22"><span class='ocrx_word' id='word_1_19' title='bbox 408 703 560 769; x_wconf 88' lang='lat' dir='ltr'>fidelitati</span> <span class='ocrx_word' id='word_1_20' title='bbox 577 711 631 770; x_wconf 87' lang='lat' dir='ltr'>tue</span> <span class='ocrx_word' id='word_1_21' title='bbox 647 707 856 789; x_wconf 84' lang='lat' dir='ltr'>precipimus,</span> <span class='ocrx_word' id='word_1_22' title='bbox 872 715 1034 789; x_wconf 86' lang='lat' dir='ltr'>quatenns</span> <span class='ocrx_word' id='word_1_23' title='bbox 1061 714 1157 773; x_wconf 90' lang='lat' dir='ltr'>cauto</span> <span class='ocrx_word' id='word_1_24' title='bbox 1183 708 1244 773; x_wconf 87' lang='lat' dir='ltr'>tibi</span> <span class='ocrx_word' id='word_1_25' title='bbox 1270 709 1363 790; x_wconf 90' lang='lat' dir='ltr'>prius</span> <span class='ocrx_word' id='word_1_26' title='bbox 1379 727 1438 790; x_wconf 88' lang='lat' dir='ltr'>per</span> <span class='ocrx_word' id='word_1_27' title='bbox 1448 705 1525 789; x_wconf 79' lang='lat' dir='ltr'>jura·</span> 
     </span>
     <span class='ocr_line' id='line_1_5' title="bbox 409 813 1526 899; baseline -0.002 -24"><span class='ocrx_word' id='word_1_28' title='bbox 409 818 552 876; x_wconf 90' lang='lat' dir='ltr'>mentum</span> <span class='ocrx_word' id='word_1_29' title='bbox 578 813 772 876; x_wconf 88' lang='lat' dir='ltr'>nunciorum</span> <span class='ocrx_word' id='word_1_30' title='bbox 798 814 952 897; x_wconf 89' lang='lat' dir='ltr'>ipsorum,</span> <span class='ocrx_word' id='word_1_31' title='bbox 978 815 1029 878; x_wconf 89' lang='lat' dir='ltr'>uel</span> <span class='ocrx_word' id='word_1_32' title='bbox 1048 814 1140 899; x_wconf 81' lang='lat' dir='ltr'>aliae,</span> <span class='ocrx_word' id='word_1_33' title='bbox 1165 823 1263 897; x_wconf 90' lang='lat' dir='ltr'>prout</span> <span class='ocrx_word' id='word_1_34' title='bbox 1293 813 1394 878; x_wconf 84' lang='lat' dir='ltr'>fuerit</span> <span class='ocrx_word' id='word_1_35' title='bbox 1410 815 1526 896; x_wconf 87' lang='lat' dir='ltr'>oportu-</span> 
     </span>
     <span class='ocr_line' id='line_1_6' title="bbox 409 917 1524 1003; baseline 0.004 -21"><span class='ocrx_word' id='word_1_36' title='bbox 409 939 494 998; x_wconf 88' lang='lat' dir='ltr'>num,</span> <span class='ocrx_word' id='word_1_37' title='bbox 512 919 599 1001; x_wconf 88' lang='lat' dir='ltr'>quod</span> <span class='ocrx_word' id='word_1_38' title='bbox 626 917 667 983; x_wconf 89' lang='lat' dir='ltr'>de</span> <span class='ocrx_word' id='word_1_39' title='bbox 691 918 879 985; x_wconf 89' lang='lat' dir='ltr'>huiusmodi</span> <span class='ocrx_word' id='word_1_40' title='bbox 904 923 1106 986; x_wconf 79' lang='lat' dir='ltr'>extractione</span> <span class='ocrx_word' id='word_1_41' title='bbox 1137 921 1292 987; x_wconf 81' lang='lat' dir='ltr'>frumenti</span> <span class='ocrx_word' id='word_1_42' title='bbox 1308 920 1430 986; x_wconf 89' lang='lat' dir='ltr'>nullam</span> <span class='ocrx_word' id='word_1_43' title='bbox 1444 929 1524 1003; x_wconf 82' lang='lat' dir='ltr'>parte</span> 
     </span>
     <span class='ocr_line' id='line_1_7' title="bbox 409 1026 1524 1113; baseline 0.004 -24"><span class='ocrx_word' id='word_1_44' title='bbox 409 1026 462 1090; x_wconf 88' lang='lat' dir='ltr'>uel</span> <span class='ocrx_word' id='word_1_45' title='bbox 479 1027 512 1089; x_wconf 93' lang='lat' dir='ltr'>in</span> <span class='ocrx_word' id='word_1_46' title='bbox 529 1032 599 1091; x_wconf 87' lang='lat' dir='ltr'>toto</span> <span class='ocrx_word' id='word_1_47' title='bbox 616 1028 833 1093; x_wconf 86' lang='lat' dir='ltr'>venditionem</span> <span class='ocrx_word' id='word_1_48' title='bbox 850 1029 902 1094; x_wconf 94' lang='lat' dir='ltr'>uel</span> <span class='ocrx_word' id='word_1_49' title='bbox 918 1030 1190 1113; x_wconf 70' lang='lat' dir='ltr'>permutationem</span> <span class='ocrx_word' id='word_1_50' title='bbox 1206 1050 1264 1094; x_wconf 86' lang='lat' dir='ltr'>seu</span> <span class='ocrx_word' id='word_1_51' title='bbox 1289 1031 1524 1094; x_wconf 83' lang='lat' dir='ltr'>commeationem</span> 
     </span>
     <span class='ocr_line' id='line_1_8' title="bbox 408 1132 1525 1220; baseline 0.002 -22"><span class='ocrx_word' id='word_1_52' title='bbox 408 1141 467 1199; x_wconf 91' lang='lat' dir='ltr'>aut</span> <span class='ocrx_word' id='word_1_53' title='bbox 483 1140 612 1216; x_wconf 84' lang='lat' dir='ltr'>pactum</span> <span class='ocrx_word' id='word_1_54' title='bbox 629 1132 778 1200; x_wconf 85' lang='lat' dir='ltr'>fecerunt</span> <span class='ocrx_word' id='word_1_55' title='bbox 794 1144 851 1200; x_wconf 89' lang='lat' dir='ltr'>aut</span> <span class='ocrx_word' id='word_1_56' title='bbox 866 1134 986 1202; x_wconf 77' lang='lat' dir='ltr'>facient</span> <span class='ocrx_word' id='word_1_57' title='bbox 1003 1160 1074 1202; x_wconf 88' lang='lat' dir='ltr'>cum</span> <span class='ocrx_word' id='word_1_58' title='bbox 1090 1138 1329 1203; x_wconf 84' lang='lat' dir='ltr'>mercatoribus</span> <span class='ocrx_word' id='word_1_59' title='bbox 1355 1144 1413 1202; x_wconf 88' lang='lat' dir='ltr'>aut</span> <span class='ocrx_word' id='word_1_60' title='bbox 1428 1157 1525 1220; x_wconf 89' lang='lat' dir='ltr'>perso-</span> 
     </span>
     <span class='ocr_line' id='line_1_9' title="bbox 408 1240 1526 1326; baseline 0.002 -21"><span class='ocrx_word' id='word_1_61' title='bbox 408 1241 460 1306; x_wconf 87' lang='lat' dir='ltr'>nis</span> <span class='ocrx_word' id='word_1_62' title='bbox 486 1240 561 1324; x_wconf 84' lang='lat' dir='ltr'>alijs</span> <span class='ocrx_word' id='word_1_63' title='bbox 587 1241 854 1326; x_wconf 85' lang='lat' dir='ltr'>quibuscunque,</span> <span class='ocrx_word' id='word_1_64' title='bbox 880 1244 936 1309; x_wconf 87' lang='lat' dir='ltr'>scd</span> <span class='ocrx_word' id='word_1_65' title='bbox 960 1244 1043 1310; x_wconf 91' lang='lat' dir='ltr'>illud</span> <span class='ocrx_word' id='word_1_66' title='bbox 1068 1244 1249 1310; x_wconf 86' lang='lat' dir='ltr'>onerabunt</span> <span class='ocrx_word' id='word_1_67' title='bbox 1275 1253 1308 1309; x_wconf 89' lang='lat' dir='ltr'>et</span> <span class='ocrx_word' id='word_1_68' title='bbox 1333 1243 1476 1309; x_wconf 87' lang='lat' dir='ltr'>deferent</span> <span class='ocrx_word' id='word_1_69' title='bbox 1491 1243 1526 1307; x_wconf 89' lang='lat' dir='ltr'>ad</span> 
     </span>
     <span class='ocr_line' id='line_1_10' title="bbox 409 1350 1527 1436; baseline 0.002 -24"><span class='ocrx_word' id='word_1_70' title='bbox 409 1368 566 1432; x_wconf 87' lang='lat' dir='ltr'>expensas</span> <span class='ocrx_word' id='word_1_71' title='bbox 581 1351 733 1432; x_wconf 85' lang='lat' dir='ltr'>proprias</span> <span class='ocrx_word' id='word_1_72' title='bbox 760 1350 839 1414; x_wconf 90' lang='lat' dir='ltr'>dicti</span> <span class='ocrx_word' id='word_1_73' title='bbox 855 1350 953 1434; x_wconf 89' lang='lat' dir='ltr'>Paulj</span> <span class='ocrx_word' id='word_1_74' title='bbox 980 1374 1041 1435; x_wconf 88' lang='lat' dir='ltr'>pro</span> <span class='ocrx_word' id='word_1_75' title='bbox 1067 1353 1288 1436; x_wconf 84' lang='lat' dir='ltr'>predictorum</span> <span class='ocrx_word' id='word_1_76' title='bbox 1314 1373 1446 1417; x_wconf 89' lang='lat' dir='ltr'>suorum</span> <span class='ocrx_word' id='word_1_77' title='bbox 1469 1372 1527 1415; x_wconf 92' lang='lat' dir='ltr'>mu·</span> 
     </span>
     <span class='ocr_line' id='line_1_11' title="bbox 409 1458 1528 1540; baseline 0.001 -20"><span class='ocrx_word' id='word_1_78' title='bbox 409 1458 533 1522; x_wconf 87' lang='lat' dir='ltr'>uitione</span> <span class='ocrx_word' id='word_1_79' title='bbox 549 1465 741 1539; x_wconf 89' lang='lat' dir='ltr'>castrorum,</span> <span class='ocrx_word' id='word_1_80' title='bbox 767 1459 892 1524; x_wconf 91' lang='lat' dir='ltr'>nullam</span> <span class='ocrx_word' id='word_1_81' title='bbox 916 1458 1065 1525; x_wconf 86' lang='lat' dir='ltr'>fraudem</span> <span class='ocrx_word' id='word_1_82' title='bbox 1096 1461 1212 1526; x_wconf 86' lang='lat' dir='ltr'>exinde</span> <span class='ocrx_word' id='word_1_83' title='bbox 1229 1459 1482 1540; x_wconf 80' lang='lat' dir='ltr'>commictendo;</span> <span class='ocrx_word' id='word_1_84' title='bbox 1496 1478 1528 1522; x_wconf 87' lang='lat' dir='ltr'>ac</span> 
     </span>
     <span class='ocr_line' id='line_1_12' title="bbox 409 1566 1529 1652; baseline 0 -24"><span class='ocrx_word' id='word_1_85' title='bbox 409 1571 539 1648; x_wconf 88' lang='lat' dir='ltr'>recepta</span> <span class='ocrx_word' id='word_1_86' title='bbox 555 1566 653 1629; x_wconf 87' lang='lat' dir='ltr'>etiam</span> <span class='ocrx_word' id='word_1_87' title='bbox 669 1566 711 1631; x_wconf 90' lang='lat' dir='ltr'>ab</span> <span class='ocrx_word' id='word_1_88' title='bbox 727 1566 851 1632; x_wconf 85' lang='lat' dir='ltr'>eisdem</span> <span class='ocrx_word' id='word_1_89' title='bbox 866 1569 994 1651; x_wconf 87' lang='lat' dir='ltr'>nuncijs</span> <span class='ocrx_word' id='word_1_90' title='bbox 1011 1568 1139 1652; x_wconf 78' lang='lat' dir='ltr'>ydonee</span> <span class='ocrx_word' id='word_1_91' title='bbox 1154 1567 1360 1634; x_wconf 87' lang='lat' dir='ltr'>fideiussoria</span> <span class='ocrx_word' id='word_1_92' title='bbox 1380 1569 1529 1646; x_wconf 88' lang='lat' dir='ltr'>cautione,</span> 
     </span>
     <span class='ocr_line' id='line_1_13' title="bbox 409 1669 1527 1764; baseline 0.002 -29"><span class='ocrx_word' id='word_1_93' title='bbox 409 1670 497 1754; x_wconf 90' lang='lat' dir='ltr'>quod</span> <span class='ocrx_word' id='word_1_94' title='bbox 524 1669 720 1736; x_wconf 87' lang='lat' dir='ltr'>frumentum</span> <span class='ocrx_word' id='word_1_95' title='bbox 744 1674 852 1756; x_wconf 85' lang='lat' dir='ltr'>ipsum</span> <span class='ocrx_word' id='word_1_96' title='bbox 878 1673 922 1738; x_wconf 94' lang='lat' dir='ltr'>ad</span> <span class='ocrx_word' id='word_1_97' title='bbox 946 1675 1111 1764; x_wconf 85' lang='lat' dir='ltr'>predictae</span> <span class='ocrx_word' id='word_1_98' title='bbox 1135 1673 1253 1741; x_wconf 89' lang='lat' dir='ltr'>Partes</span> <span class='ocrx_word' id='word_1_99' title='bbox 1285 1673 1460 1740; x_wconf 82' lang='lat' dir='ltr'>Solomonia</span> <span class='ocrx_word' id='word_1_100' title='bbox 1475 1695 1527 1758; x_wconf 90' lang='lat' dir='ltr'>pro</span> 
     </span>
     <span class='ocr_line' id='line_1_14' title="bbox 410 1779 1528 1865; baseline 0.001 -22"><span class='ocrx_word' id='word_1_101' title='bbox 410 1779 554 1862; x_wconf 87' lang='lat' dir='ltr'>ipsorum</span> <span class='ocrx_word' id='word_1_102' title='bbox 571 1780 758 1862; x_wconf 90' lang='lat' dir='ltr'>munitione,</span> <span class='ocrx_word' id='word_1_103' title='bbox 772 1787 810 1845; x_wconf 93' lang='lat' dir='ltr'>ut</span> <span class='ocrx_word' id='word_1_104' title='bbox 826 1779 949 1848; x_wconf 90' lang='lat' dir='ltr'>dictum</span> <span class='ocrx_word' id='word_1_105' title='bbox 965 1790 1023 1860; x_wconf 86' lang='lat' dir='ltr'>est,</span> <span class='ocrx_word' id='word_1_106' title='bbox 1041 1790 1073 1846; x_wconf 87' lang='lat' dir='ltr'>et</span> <span class='ocrx_word' id='word_1_107' title='bbox 1088 1802 1153 1846; x_wconf 91' lang='lat' dir='ltr'>non</span> <span class='ocrx_word' id='word_1_108' title='bbox 1169 1782 1236 1846; x_wconf 86' lang='lat' dir='ltr'>alio</span> <span class='ocrx_word' id='word_1_109' title='bbox 1254 1781 1428 1862; x_wconf 87' lang='lat' dir='ltr'>deseretur,</span> <span class='ocrx_word' id='word_1_110' title='bbox 1439 1779 1528 1865; x_wconf 92' lang='lat' dir='ltr'>quod·</span> 
     </span>
     <span class='ocr_line' id='line_1_15' title="bbox 413 1885 1527 1972; baseline 0.001 -21"><span class='ocrx_word' id='word_1_111' title='bbox 413 1907 477 1970; x_wconf 89' lang='lat' dir='ltr'>que</span> <span class='ocrx_word' id='word_1_112' title='bbox 492 1885 581 1953; x_wconf 87' lang='lat' dir='ltr'>infra</span> <span class='ocrx_word' id='word_1_113' title='bbox 597 1894 718 1952; x_wconf 89' lang='lat' dir='ltr'>certum</span> <span class='ocrx_word' id='word_1_114' title='bbox 749 1895 781 1952; x_wconf 91' lang='lat' dir='ltr'>et</span> <span class='ocrx_word' id='word_1_115' title='bbox 805 1895 1041 1972; x_wconf 86' lang='lat' dir='ltr'>competentem</span> <span class='ocrx_word' id='word_1_116' title='bbox 1067 1891 1240 1954; x_wconf 88' lang='lat' dir='ltr'>terminum</span> <span class='ocrx_word' id='word_1_117' title='bbox 1257 1889 1304 1954; x_wconf 87' lang='lat' dir='ltr'>eis</span> <span class='ocrx_word' id='word_1_118' title='bbox 1320 1910 1379 1972; x_wconf 91' lang='lat' dir='ltr'>per</span> <span class='ocrx_word' id='word_1_119' title='bbox 1394 1896 1428 1953; x_wconf 88' lang='lat' dir='ltr'>te</span> <span class='ocrx_word' id='word_1_120' title='bbox 1443 1909 1527 1971; x_wconf 76' lang='lat' dir='ltr'>prop</span> 
     </span>
     <span class='ocr_line' id='line_1_16' title="bbox 412 1995 1586 2079; baseline 0.002 -21"><span class='ocrx_word' id='word_1_121' title='bbox 412 2000 503 2060; x_wconf 89' lang='lat' dir='ltr'>terea</span> <span class='ocrx_word' id='word_1_122' title='bbox 519 1996 762 2078; x_wconf 85' lang='lat' dir='ltr'>assignandum,</span> <span class='ocrx_word' id='word_1_123' title='bbox 777 1996 819 2061; x_wconf 86' lang='lat' dir='ltr'>de</span> <span class='ocrx_word' id='word_1_124' title='bbox 835 1998 937 2079; x_wconf 88' lang='lat' dir='ltr'>ipsius</span> <span class='ocrx_word' id='word_1_125' title='bbox 953 1999 1185 2062; x_wconf 83' lang='lat' dir='ltr'>exoneratione</span> <span class='ocrx_word' id='word_1_126' title='bbox 1215 1995 1336 2062; x_wconf 84' lang='lat' dir='ltr'>ibidem</span> <span class='ocrx_word' id='word_1_127' title='bbox 1352 2018 1373 2060; x_wconf 87' lang='lat' dir='ltr'>a</span> <span class='ocrx_word' id='word_1_128' title='bbox 1388 1995 1529 2074; x_wconf 85' lang='lat' dir='ltr'>Rectore,</span> <span class='ocrx_word' id='word_1_129' title='bbox 1585 2055 1586 2060; x_wconf 73' lang='grc'>,</span> 
     </span>
     <span class='ocr_line' id='line_1_17' title="bbox 407 2100 1527 2188; baseline 0 -23"><span class='ocrx_word' id='word_1_130' title='bbox 407 2100 579 2167; x_wconf 87' lang='lat' dir='ltr'>Potestate</span> <span class='ocrx_word' id='word_1_131' title='bbox 612 2124 669 2168; x_wconf 82' lang='lat' dir='ltr'>seu</span> <span class='ocrx_word' id='word_1_132' title='bbox 699 2101 877 2186; x_wconf 84' lang='lat' dir='ltr'>Capitaneo</span> <span class='ocrx_word' id='word_1_133' title='bbox 907 2106 979 2188; x_wconf 92' lang='lat' dir='ltr'>locj,</span> <span class='ocrx_word' id='word_1_134' title='bbox 1006 2105 1061 2172; x_wconf 91' lang='lat' dir='ltr'>ubi</span> <span class='ocrx_word' id='word_1_135' title='bbox 1086 2105 1274 2170; x_wconf 89' lang='lat' dir='ltr'>exoneratio</span> <span class='ocrx_word' id='word_1_136' title='bbox 1307 2105 1381 2188; x_wconf 87' lang='lat' dir='ltr'>ipsa</span> <span class='ocrx_word' id='word_1_137' title='bbox 1396 2102 1462 2187; x_wconf 91' lang='lat' dir='ltr'>fiet,</span> <span class='ocrx_word' id='word_1_138' title='bbox 1475 2101 1527 2166; x_wconf 87' lang='lat' dir='ltr'>tibi</span> 
     </span>
     <span class='ocr_line' id='line_1_18' title="bbox 383 2209 1526 2295; baseline 0.001 -23"><span class='ocrx_word' id='word_1_139' title='bbox 383 2209 615 2292; x_wconf 45' lang='lat' dir='ltr'>‚responsales</span> <span class='ocrx_word' id='word_1_140' title='bbox 645 2211 770 2295; x_wconf 77' lang='lat' dir='ltr'>ydonee</span> <span class='ocrx_word' id='word_1_141' title='bbox 794 2209 987 2292; x_wconf 87' lang='lat' dir='ltr'>referantur,</span> <span class='ocrx_word' id='word_1_142' title='bbox 1012 2211 1052 2276; x_wconf 88' lang='lat' dir='ltr'>de</span> <span class='ocrx_word' id='word_1_143' title='bbox 1077 2211 1153 2276; x_wconf 88' lang='lat' dir='ltr'>inde</span> <span class='ocrx_word' id='word_1_144' title='bbox 1185 2211 1320 2275; x_wconf 87' lang='lat' dir='ltr'>nuncios</span> <span class='ocrx_word' id='word_1_145' title='bbox 1353 2211 1441 2294; x_wconf 87' lang='lat' dir='ltr'>ipsos</span> <span class='ocrx_word' id='word_1_146' title='bbox 1457 2209 1526 2274; x_wconf 85' lang='lat' dir='ltr'>dicti</span> 
     </span>
     <span class='ocr_line' id='line_1_19' title="bbox 410 2313 1527 2402; baseline -0.001 -22"><span class='ocrx_word' id='word_1_147' title='bbox 410 2313 508 2381; x_wconf 91' lang='lat' dir='ltr'>Pauli</span> <span class='ocrx_word' id='word_1_148' title='bbox 524 2316 610 2400; x_wconf 86' lang='lat' dir='ltr'>Banj</span> <span class='ocrx_word' id='word_1_149' title='bbox 627 2319 756 2382; x_wconf 88' lang='lat' dir='ltr'>nomine</span> <span class='ocrx_word' id='word_1_150' title='bbox 772 2320 937 2402; x_wconf 87' lang='lat' dir='ltr'>predictus</span> <span class='ocrx_word' id='word_1_151' title='bbox 952 2318 1106 2384; x_wconf 82' lang='lat' dir='ltr'>frumenti</span> <span class='ocrx_word' id='word_1_152' title='bbox 1132 2318 1253 2383; x_wconf 87' lang='lat' dir='ltr'>salmas</span> <span class='ocrx_word' id='word_1_153' title='bbox 1280 2317 1369 2382; x_wconf 89' lang='lat' dir='ltr'>mille</span> <span class='ocrx_word' id='word_1_154' title='bbox 1385 2316 1427 2382; x_wconf 87' lang='lat' dir='ltr'>ad</span> <span class='ocrx_word' id='word_1_155' title='bbox 1443 2335 1527 2400; x_wconf 78' lang='lat' dir='ltr'>gene</span> 
     </span>
     <span class='ocr_line' id='line_1_20' title="bbox 409 2423 1525 2511; baseline -0.001 -24"><span class='ocrx_word' id='word_1_156' title='bbox 409 2423 512 2487; x_wconf 88' lang='lat' dir='ltr'>ralem</span> <span class='ocrx_word' id='word_1_157' title='bbox 530 2445 713 2493; x_wconf 87' lang='lat' dir='ltr'>mensuram</span> <span class='ocrx_word' id='word_1_158' title='bbox 730 2426 770 2490; x_wconf 90' lang='lat' dir='ltr'>de</span> <span class='ocrx_word' id='word_1_159' title='bbox 786 2447 989 2511; x_wconf 85' lang='lat' dir='ltr'>quocumque</span> <span class='ocrx_word' id='word_1_160' title='bbox 1006 2433 1106 2509; x_wconf 90' lang='lat' dir='ltr'>portu</span> <span class='ocrx_word' id='word_1_161' title='bbox 1116 2424 1239 2509; x_wconf 86' lang='lat' dir='ltr'>Apulia</span> <span class='ocrx_word' id='word_1_162' title='bbox 1255 2424 1347 2490; x_wconf 88' lang='lat' dir='ltr'>licito</span> <span class='ocrx_word' id='word_1_163' title='bbox 1364 2431 1397 2490; x_wconf 91' lang='lat' dir='ltr'>et</span> <span class='ocrx_word' id='word_1_164' title='bbox 1413 2429 1525 2488; x_wconf 84' lang='lat' dir='ltr'>statuto</span> 
     </span>
     <span class='ocr_line' id='line_1_21' title="bbox 410 2530 1586 2618; baseline 0 -22"><span class='ocrx_word' id='word_1_165' title='bbox 410 2530 588 2610; x_wconf 85' lang='lat' dir='ltr'>extrahere,</span> <span class='ocrx_word' id='word_1_166' title='bbox 603 2531 705 2596; x_wconf 87' lang='lat' dir='ltr'>libere</span> <span class='ocrx_word' id='word_1_167' title='bbox 721 2553 741 2597; x_wconf 89' lang='lat' dir='ltr'>a</span> <span class='ocrx_word' id='word_1_168' title='bbox 754 2533 827 2617; x_wconf 90' lang='lat' dir='ltr'>jure</span> <span class='ocrx_word' id='word_1_169' title='bbox 844 2533 991 2618; x_wconf 88' lang='lat' dir='ltr'>quolibet</span> <span class='ocrx_word' id='word_1_170' title='bbox 1007 2537 1131 2600; x_wconf 82' lang='lat' dir='ltr'>exitura</span> <span class='ocrx_word' id='word_1_171' title='bbox 1148 2555 1220 2599; x_wconf 90' lang='lat' dir='ltr'>cum</span> <span class='ocrx_word' id='word_1_172' title='bbox 1240 2531 1390 2600; x_wconf 77' lang='lat' dir='ltr'>rescellis</span> <span class='ocrx_word' id='word_1_173' title='bbox 1406 2533 1449 2597; x_wconf 91' lang='lat' dir='ltr'>ad</span> <span class='ocrx_word' id='word_1_174' title='bbox 1463 2551 1525 2615; x_wconf 87' lang='lat' dir='ltr'>pre·</span> <span class='ocrx_word' id='word_1_175' title='bbox 1580 2545 1586 2550; x_wconf 78' lang='grc'><em>“</em></span> 
     </span>
     <span class='ocr_line' id='line_1_22' title="bbox 409 2637 1527 2725; baseline -0.001 -22"><span class='ocrx_word' id='word_1_176' title='bbox 409 2638 514 2704; x_wconf 82' lang='lat' dir='ltr'>dictas</span> <span class='ocrx_word' id='word_1_177' title='bbox 529 2637 648 2704; x_wconf 87' lang='lat' dir='ltr'>Partes</span> <span class='ocrx_word' id='word_1_178' title='bbox 665 2637 837 2706; x_wconf 86' lang='lat' dir='ltr'>Sclauonie</span> <span class='ocrx_word' id='word_1_179' title='bbox 852 2649 1026 2725; x_wconf 87' lang='lat' dir='ltr'>propterea</span> <span class='ocrx_word' id='word_1_180' title='bbox 1042 2641 1245 2708; x_wconf 82' lang='lat' dir='ltr'>deuehendos</span> <span class='ocrx_word' id='word_1_181' title='bbox 1271 2643 1341 2707; x_wconf 89' lang='lat' dir='ltr'>sine</span> <span class='ocrx_word' id='word_1_182' title='bbox 1357 2637 1527 2706; x_wconf 77' lang='lat' dir='ltr'>contradic</span> 
     </span>
     <span class='ocr_line' id='line_1_23' title="bbox 407 2746 1524 2833; baseline -0.003 -22"><span class='ocrx_word' id='word_1_183' title='bbox 407 2750 496 2811; x_wconf 87' lang='lat' dir='ltr'>tione</span> <span class='ocrx_word' id='word_1_184' title='bbox 511 2748 696 2830; x_wconf 78' lang='lat' dir='ltr'>permictaa</span> <span class='ocrx_word' id='word_1_185' title='bbox 707 2746 908 2815; x_wconf 86' lang='lat' dir='ltr'>Prouisurus</span> <span class='ocrx_word' id='word_1_186' title='bbox 923 2753 1102 2833; x_wconf 81' lang='lat' dir='ltr'>actentins,</span> <span class='ocrx_word' id='word_1_187' title='bbox 1118 2769 1158 2814; x_wconf 83' lang='lat' dir='ltr'>ne</span> <span class='ocrx_word' id='word_1_188' title='bbox 1167 2755 1316 2833; x_wconf 87' lang='lat' dir='ltr'>pretextu</span> <span class='ocrx_word' id='word_1_189' title='bbox 1333 2749 1524 2831; x_wconf 87' lang='lat' dir='ltr'>presentium</span> 
     </span>
     <span class='ocr_line' id='line_1_24' title="bbox 410 2852 1523 2940; baseline -0.003 -22"><span class='ocrx_word' id='word_1_190' title='bbox 410 2853 514 2918; x_wconf 90' lang='lat' dir='ltr'>maior</span> <span class='ocrx_word' id='word_1_191' title='bbox 530 2852 682 2919; x_wconf 90' lang='lat' dir='ltr'>frumeuti</span> <span class='ocrx_word' id='word_1_192' title='bbox 699 2853 752 2919; x_wconf 86' lang='lat' dir='ltr'>uel</span> <span class='ocrx_word' id='word_1_193' title='bbox 769 2854 835 2920; x_wconf 89' lang='lat' dir='ltr'>alia</span> <span class='ocrx_word' id='word_1_194' title='bbox 850 2857 1042 2922; x_wconf 85' lang='lat' dir='ltr'>mictualium</span> <span class='ocrx_word' id='word_1_195' title='bbox 1059 2858 1236 2940; x_wconf 86' lang='lat' dir='ltr'>quantitas,</span> <span class='ocrx_word' id='word_1_196' title='bbox 1253 2876 1310 2920; x_wconf 87' lang='lat' dir='ltr'>seu</span> <span class='ocrx_word' id='word_1_197' title='bbox 1336 2871 1523 2937; x_wconf 86' lang='lat' dir='ltr'>quecumque</span> 
     </span>
     <span class='ocr_line' id='line_1_25' title="bbox 409 2958 1585 3046; baseline -0.002 -24"><span class='ocrx_word' id='word_1_198' title='bbox 409 2958 586 3043; x_wconf 87' lang='lat' dir='ltr'>prohibita,</span> <span class='ocrx_word' id='word_1_199' title='bbox 603 2962 636 3024; x_wconf 91' lang='lat' dir='ltr'>in</span> <span class='ocrx_word' id='word_1_200' title='bbox 652 2958 801 3026; x_wconf 84' lang='lat' dir='ltr'>fraudem</span> <span class='ocrx_word' id='word_1_201' title='bbox 818 2970 929 3027; x_wconf 89' lang='lat' dir='ltr'>nostre</span> <span class='ocrx_word' id='word_1_202' title='bbox 961 2962 1059 3029; x_wconf 80' lang='lat' dir='ltr'>curie</span> <span class='ocrx_word' id='word_1_203' title='bbox 1076 2964 1117 3028; x_wconf 85' lang='lat' dir='ltr'>do</span> <span class='ocrx_word' id='word_1_204' title='bbox 1132 2962 1292 3046; x_wconf 89' lang='lat' dir='ltr'>portubus</span> <span class='ocrx_word' id='word_1_205' title='bbox 1308 2962 1389 3044; x_wconf 88' lang='lat' dir='ltr'>ipsis</span> <span class='ocrx_word' id='word_1_206' title='bbox 1413 2960 1523 3042; x_wconf 88' lang='lat' dir='ltr'>aliqua·</span> <span class='ocrx_word' id='word_1_207' title='bbox 1583 2983 1585 2998; x_wconf 57' lang='grc'><strong>&lt;</strong></span> 
     </span>
     <span class='ocr_line' id='line_1_26' title="bbox 409 3066 1524 3151; baseline -0.002 -21"><span class='ocrx_word' id='word_1_208' title='bbox 409 3074 503 3131; x_wconf 88' lang='lat' dir='ltr'>tenus</span> <span class='ocrx_word' id='word_1_209' title='bbox 519 3066 750 3133; x_wconf 85' lang='lat' dir='ltr'>extrahantur:</span> <span class='ocrx_word' id='word_1_210' title='bbox 782 3088 854 3132; x_wconf 90' lang='lat' dir='ltr'>cum</span> <span class='ocrx_word' id='word_1_211' title='bbox 885 3068 946 3133; x_wconf 92' lang='lat' dir='ltr'>tibi</span> <span class='ocrx_word' id='word_1_212' title='bbox 979 3068 1094 3134; x_wconf 86' lang='lat' dir='ltr'>exinde</span> <span class='ocrx_word' id='word_1_213' title='bbox 1126 3068 1309 3134; x_wconf 89' lang='lat' dir='ltr'>executioni</span> <span class='ocrx_word' id='word_1_214' title='bbox 1341 3067 1524 3151; x_wconf 89' lang='lat' dir='ltr'>presentium</span> 
     </span>
     <span class='ocr_line' id='line_1_27' title="bbox 409 3171 1572 3258; baseline -0.001 -21"><span class='ocrx_word' id='word_1_215' title='bbox 409 3175 598 3240; x_wconf 86' lang='lat' dir='ltr'>mandatum</span> <span class='ocrx_word' id='word_1_216' title='bbox 616 3174 666 3238; x_wconf 86' lang='lat' dir='ltr'>vel</span> <span class='ocrx_word' id='word_1_217' title='bbox 681 3175 846 3241; x_wconf 91' lang='lat' dir='ltr'>ordinatio</span> <span class='ocrx_word' id='word_1_218' title='bbox 862 3178 896 3241; x_wconf 91' lang='lat' dir='ltr'>in</span> <span class='ocrx_word' id='word_1_219' title='bbox 912 3180 1113 3243; x_wconf 89' lang='lat' dir='ltr'>contrarium</span> <span class='ocrx_word' id='word_1_220' title='bbox 1138 3199 1203 3242; x_wconf 89' lang='lat' dir='ltr'>non</span> <span class='ocrx_word' id='word_1_221' title='bbox 1234 3175 1383 3242; x_wconf 85' lang='lat' dir='ltr'>obsistat</span> <span class='ocrx_word' id='word_1_222' title='bbox 1399 3171 1487 3258; x_wconf 80' lang='lat' dir='ltr'>Quod</span> <span class='ocrx_word' id='word_1_223' title='bbox 1501 3171 1523 3232; x_wconf 85' lang='lat' dir='ltr'>si</span> <span class='ocrx_word' id='word_1_224' title='bbox 1568 3201 1572 3208; x_wconf 85' lang='lat'><em>·</em></span> 
     </span>
    </p>
   </div>
   <div class='ocr_carea' id='block_1_3' title="bbox 408 3280 1523 3778">
    <p class='ocr_par' dir='ltr' id='par_1_3' title="bbox 408 3280 1523 3778">
     <span class='ocr_line' id='line_1_28' title="bbox 409 3280 1523 3371; baseline -0.005 -26"><span class='ocrx_word' id='word_1_225' title='bbox 409 3280 493 3366; x_wconf 80' lang='lat' dir='ltr'>forte</span> <span class='ocrx_word' id='word_1_226' title='bbox 510 3284 714 3365; x_wconf 84' lang='lat' dir='ltr'>compereris,</span> <span class='ocrx_word' id='word_1_227' title='bbox 734 3281 883 3371; x_wconf 84' lang='lat' dir='ltr'>&#39;prelatos</span> <span class='ocrx_word' id='word_1_228' title='bbox 909 3287 1045 3350; x_wconf 89' lang='lat' dir='ltr'>nuncios</span> <span class='ocrx_word' id='word_1_229' title='bbox 1071 3286 1243 3365; x_wconf 85' lang='lat' dir='ltr'>venditam,</span> <span class='ocrx_word' id='word_1_230' title='bbox 1275 3292 1332 3350; x_wconf 91' lang='lat' dir='ltr'>aut</span> <span class='ocrx_word' id='word_1_231' title='bbox 1364 3280 1523 3349; x_wconf 88' lang='lat' dir='ltr'>colludium</span> 
     </span>
     <span class='ocr_line' id='line_1_29' title="bbox 409 3387 1523 3476; baseline -0.005 -22"><span class='ocrx_word' id='word_1_232' title='bbox 409 3388 544 3472; x_wconf 83' lang='lat' dir='ltr'>aliquod</span> <span class='ocrx_word' id='word_1_233' title='bbox 575 3387 691 3454; x_wconf 78' lang='lat' dir='ltr'>fecisse</span> <span class='ocrx_word' id='word_1_234' title='bbox 723 3411 796 3455; x_wconf 90' lang='lat' dir='ltr'>cum</span> <span class='ocrx_word' id='word_1_235' title='bbox 825 3392 1063 3460; x_wconf 86' lang='lat' dir='ltr'>mercatoribus</span> <span class='ocrx_word' id='word_1_236' title='bbox 1095 3395 1147 3460; x_wconf 89' lang='lat' dir='ltr'>uel</span> <span class='ocrx_word' id='word_1_237' title='bbox 1179 3393 1254 3476; x_wconf 84' lang='lat' dir='ltr'>alijs</span> <span class='ocrx_word' id='word_1_238' title='bbox 1271 3392 1311 3457; x_wconf 91' lang='lat' dir='ltr'>de</span> <span class='ocrx_word' id='word_1_239' title='bbox 1328 3394 1451 3456; x_wconf 86' lang='lat' dir='ltr'>exitura</span> <span class='ocrx_word' id='word_1_240' title='bbox 1465 3407 1523 3471; x_wconf 86' lang='lat' dir='ltr'>pre-</span> 
     </span>
     <span class='ocr_line' id='line_1_30' title="bbox 410 3493 1523 3584; baseline 0.001 -27"><span class='ocrx_word' id='word_1_241' title='bbox 410 3493 516 3575; x_wconf 89' lang='lat' dir='ltr'>dicta;</span> <span class='ocrx_word' id='word_1_242' title='bbox 532 3494 575 3561; x_wconf 87' lang='lat' dir='ltr'>ad</span> <span class='ocrx_word' id='word_1_243' title='bbox 592 3497 814 3562; x_wconf 88' lang='lat' dir='ltr'>executionem</span> <span class='ocrx_word' id='word_1_244' title='bbox 844 3501 1044 3583; x_wconf 87' lang='lat' dir='ltr'>presentium</span> <span class='ocrx_word' id='word_1_245' title='bbox 1070 3502 1276 3584; x_wconf 82' lang='lat' dir='ltr'>aliquatenus</span> <span class='ocrx_word' id='word_1_246' title='bbox 1293 3520 1359 3564; x_wconf 89' lang='lat' dir='ltr'>non</span> <span class='ocrx_word' id='word_1_247' title='bbox 1374 3495 1523 3581; x_wconf 88' lang='lat' dir='ltr'>procedas·</span> 
     </span>
     <span class='ocr_line' id='line_1_31' title="bbox 409 3599 1522 3690; baseline -0.003 -24"><span class='ocrx_word' id='word_1_248' title='bbox 409 3600 534 3669; x_wconf 88' lang='lat' dir='ltr'>Datum</span> <span class='ocrx_word' id='word_1_249' title='bbox 550 3603 693 3688; x_wconf 88' lang='lat' dir='ltr'>Neapoli</span> <span class='ocrx_word' id='word_1_250' title='bbox 711 3627 769 3690; x_wconf 88' lang='lat' dir='ltr'>per</span> <span class='ocrx_word' id='word_1_251' title='bbox 797 3629 911 3672; x_wconf 89' lang='lat' dir='ltr'>manus</span> <span class='ocrx_word' id='word_1_252' title='bbox 943 3614 1003 3673; x_wconf 89' lang='lat' dir='ltr'>eto.</span> <span class='ocrx_word' id='word_1_253' title='bbox 1028 3607 1080 3674; x_wconf 87' lang='lat' dir='ltr'>die</span> <span class='ocrx_word' id='word_1_254' title='bbox 1104 3608 1190 3674; x_wconf 84' lang='lat' dir='ltr'><strong>IIII.</strong></span> <span class='ocrx_word' id='word_1_255' title='bbox 1215 3607 1333 3688; x_wconf 85' lang='lat' dir='ltr'>Martij</span> <span class='ocrx_word' id='word_1_256' title='bbox 1359 3605 1414 3671; x_wconf 88' lang='lat' dir='ltr'>IX</span> <span class='ocrx_word' id='word_1_257' title='bbox 1438 3599 1522 3667; x_wconf 88' lang='lat' dir='ltr'>indic-</span> 
     </span>
     <span class='ocr_line' id='line_1_32' title="bbox 408 3710 517 3778; baseline 0.018 -4"><span class='ocrx_word' id='word_1_258' title='bbox 408 3710 517 3778; x_wconf 86' lang='lat' dir='ltr'>tionis.</span> 
     </span>
    </p>
   </div>
   <div class='ocr_carea' id='block_1_4' title="bbox 409 3889 1521 4053">
    <p class='ocr_par' dir='ltr' id='par_1_4' title="bbox 409 3889 1521 4053">
     <span class='ocr_line' id='line_1_33' title="bbox 515 3889 1521 3964; baseline -0.022 -8"><span class='ocrx_word' id='word_1_259' title='bbox 515 3893 551 3956; x_wconf 75' lang='grc' dir='ltr'>(Δ</span> <span class='ocrx_word' id='word_1_260' title='bbox 566 3893 649 3964; x_wconf 67' lang='lat' dir='ltr'>ffleg.</span> <span class='ocrx_word' id='word_1_261' title='bbox 664 3895 816 3961; x_wconf 76' lang='lat' dir='ltr'>Angioini«</span> <span class='ocrx_word' id='word_1_262' title='bbox 832 3896 862 3946; x_wconf 92' lang='lat' dir='ltr'>B.</span> <span class='ocrx_word' id='word_1_263' title='bbox 877 3901 919 3947; x_wconf 82' lang='lat'>82.</span> <span class='ocrx_word' id='word_1_264' title='bbox 936 3893 1032 3950; x_wconf 73' lang='lat' dir='ltr'>ozdmu</span> <span class='ocrx_word' id='word_1_265' title='bbox 1057 3897 1124 3961; x_wconf 76' lang='lat' dir='ltr'>aeg.</span> <span class='ocrx_word' id='word_1_266' title='bbox 1140 3898 1239 3948; x_wconf 88' lang='lat' dir='ltr'>Karoli</span> <span class='ocrx_word' id='word_1_267' title='bbox 1265 3897 1301 3947; x_wconf 92' lang='grc' dir='ltr'>Π.</span> <span class='ocrx_word' id='word_1_268' title='bbox 1325 3891 1459 3946; x_wconf 77' lang='lat' dir='ltr'>loterebm</span> <span class='ocrx_word' id='word_1_269' title='bbox 1471 3889 1521 3938; x_wconf 74' lang='lat' dir='ltr'>all.</span> 
     </span>
     <span class='ocr_line' id='line_1_34' title="bbox 409 3981 588 4053; baseline -0.011 -20"><span class='ocrx_word' id='word_1_270' title='bbox 409 3983 483 4047; x_wconf 86' lang='lat' dir='ltr'>lev.;</span> <span class='ocrx_word' id='word_1_271' title='bbox 503 3995 530 4033; x_wconf 83' lang='lat' dir='ltr'>n.</span> <span class='ocrx_word' id='word_1_272' title='bbox 550 3981 588 4053; x_wconf 88' lang='lat' dir='ltr'>o.)</span> 
     </span>
    </p>
   </div>
   <div class='ocr_carea' id='block_1_5' title="bbox 0 0 1592 5236">
    <p class='ocr_par' dir='ltr' id='par_1_5' title="bbox 0 0 1592 5236">
     <span class='ocr_line' id='line_1_35' title="bbox 0 0 1592 5236; baseline 0 0"><span class='ocrx_word' id='word_1_273' title='bbox 0 0 1592 5236; x_wconf 95' lang='lat' dir='ltr'> </span> 
     </span>
    </p>
   </div>
  </div>
 </body>
</html>
