3234 5238
590 377 683 442 1269.
1177 374 1195 430 9
1281 364 1283 374 '

89 547 216 630 predicti
231 545 402 626 Johanrris‚
431 569 525 628 quem
553 570 653 630 supra
678 547 718 612 ad
736 547 956 629 instigandam
975 548 1195 610 executionem

88 654 232 735 presentis
262 653 450 736 specialiter
482 653 691 733 destinamus,
708 661 745 717 tu
777 653 906 735 quidem
933 655 1016 718 sicut
1040 652 1140 717 sacius
1166 659 1198 715 et

88 781 227 842 procures
252 760 340 842 quod
365 761 527 826 instanter
552 767 584 824 et
608 763 676 825 sine
692 761 829 824 alicuius
847 760 1013 824 dilationis
1030 760 1198 824 obstaculo
1253 847 1260 852 ἱ

86 866 220 949 predicta
254 869 393 932 vassella
409 868 517 932 omnia
534 867 600 931 sint
616 867 658 932 ad
676 867 879 949 propositum
901 868 1064 948 nauigium
1083 889 1198 950 prapa

86 979 161 1038 rata
184 975 229 1038 Et
244 974 322 1038 licet
339 975 559 1057 predictorrun
592 976 803 1039 vassallorum
836 976 1024 1056 preparatio
1051 975 1198 1039 districte

87 1080 206 1163 tibiper
221 1089 388 1163 presentes
406 1082 539 1146 licteras
555 1083 762 1146 conrittatur:
779 1089 888 1146 tamen
905 1083 1061 1162 volumuS,
1072 1081 1195 1162 quodsi

89 1187 125 1250 ad
141 1195 331 1270 apparatum
349 1189 560 1254 vassallorum
588 1192 731 1272 ipsorum
750 1190 816 1254 alia
840 1188 977 1253 forsitan
1009 1189 1131 1253 fuerint
1148 1189 1197 1252 vel

86 1296 272 1358 occurrerint
287 1289 467 1378 oporiurra3
483 1319 521 1360 ea
538 1297 646 1360 onmia
661 1296 703 1362 ad
721 1297 964 1377 requisitionem
980 1298 1058 1361 dicti
1074 1295 1197 1360 ‹lolian-

88 1401 131 1464 nis
148 1402 338 1484 ministrare,
363 1423 402 1466 aa
432 1402 609 1484 diligenter
634 1408 667 1466 et
697 1404 837 1467 fideliter
862 1405 974 1484 exequi
1007 1403 1147 1482 studeas,
1163 1407 1198 1463 vt

86 1505 190 1571 exinde
205 1544 487 1556 —————
505 1511 545 1574 de
562 1511 625 1594 hijs
652 1517 769 1589 autem,
786 1531 847 1591 que
874 1512 1030 1593 presentis
1057 1509 1197 1574 auotori-

87 1620 146 1678 tete
161 1617 330 1698 receperis,
345 1616 505 1698 ydoneam
523 1619 707 1710 apodixem.
723 1617 848 1682 Datum
875 1615 1017 1700 Neapoli
1034 1617 1098 1680 XI.
1115 1616 1196 1680 Maii

87 1720 179 1786 XIII.
194 1721 388 1788 indictionis.

182 1841 538 1934 (A»1iegimridngioini.‹
554 1871 581 1918 (l.
601 1877 689 1923 ll.sz.
715 1871 781 1934 fleg.
809 1869 905 1918 Karoli
930 1870 950 1918 1.
978 1837 1122 1916 veteteno}
1149 1871 1191 1916 69.

86 1955 151 2016 lev.;
171 1955 242 2016 uo.)

618 2321 647 2378 8.

87 2442 111 2503 Ι.
125 2443 244 2528 Kciroly
260 2442 389 2506 sicilici
406 2441 520 2525 leirrtly
538 2441 731 2503 inritatque?
749 2462 939 2525 npynnczon
957 2441 1086 2526 ttqyben.
1101 2441 1194 2501 rede.

180 2599 347 2682 Scriptum
365 2605 415 2663 est
432 2598 586 2681 Philippo
604 2598 644 2661 de
662 2596 783 2662 Sancta
799 2597 905 2663 Orucc
922 2605 982 2663 etc.

181 2707 381 2790 Significasti
407 2705 550 2771 Oulrniui
578 2703 710 2788 Nostro,
737 2708 822 2788 quod
850 2707 891 2772 ad
923 2706 1111 2770 mandatum
1142 2728 1197 2770 no-

87 2821 185 2898 dmm,
199 2813 318 2898 (quod)
334 2816 394 2881 tibi
411 2815 586 2880 direximus
602 2813 642 2878 do
666 2814 850 2878 muniendis
876 2821 909 2877 ct
935 2814 1123 2895 congregari
1152 2813 1196 2876 sa-

46 2902 51 2909 ’
87 2919 194 2985 ciendis
210 2923 299 3004 apud
315 2922 536 2986 Brundusium
554 2920 699 2984 vassallis
724 2921 819 2985 Curia
845 2926 965 2998 nostre,
990 2941 1053 3002 que
1081 2940 1138 3002 per
1163 2923 1197 2982 te

43 3078 47 3086 .
87 3028 222 3106 reparari
239 3035 273 3093 et
303 3029 424 3092 mun'ri
449 3027 685 3104 mandauimus,
709 3026 958 3108 quatuordecim
984 3025 1025 3089 da
1049 3022 1197 3088 vassallis

46 3130 51 3141 '
87 3133 221 3198 totaliter
236 3142 392 3217 reparata
409 3137 441 3196 et
458 3133 704 3216 guarnamentis
719 3132 793 3215 alijs
819 3131 1018 3196 communita
1033 3131 1096 3196 iam
1122 3135 1197 3194 sunt

87 3235 220 3320 inportu
236 3239 418 3323 Brundusij
437 3245 638 3322 congregata
655 3264 661 3318 ;
678 3245 711 3302 et
728 3239 767 3302 da
786 3240 921 3320 reliquis
946 3239 1092 3303 vassallis
1124 3243 1200 3303 sunt

43 3410 49 3425 ¹
92 3339 210 3427 Vapud
227 3347 382 3424 'dranum
400 3347 463 3410 duo
484 3346 573 3428 apud
597 3347 732 3425 Barum,
758 3353 790 3409 et
815 3349 956 3428 quatuor
982 3345 1069 3428 apud
1095 3345 1198 3412 Baru·

88 3447 162 3531 lurn;
177 3475 237 3536 que
253 3476 357 3537 nuper
374 3454 542 3519 redierunt
558 3474 627 3517 cum
649 3452 779 3516 domina
804 3473 888 3516 nuru
914 3459 1051 3532 nostra;
1077 3457 1110 3514 at
1135 3473 1198 3533 qua

88 3559 184 3623 omnia
198 3560 255 3626 illa
271 3561 410 3626 vassella
427 3561 499 3643 ipsa
515 3581 579 3624 non
595 3566 731 3643 possunt
748 3559 869 3623 armari
886 3559 918 3623 in
943 3561 1024 3623 locis
1050 3558 1139 3640 ipsis,
1165 3558 1198 3624 in

87 3665 192 3744 quibus
216 3675 418 3752 congregata
444 3675 527 3750 sunt,
553 3676 586 3732 et
610 3667 798 3750 specialiter
820 3667 852 3730 in
869 3665 1101 3744 Brundusium,
1117 3665 1201 3728 sicut

87 3779 204 3852 oportet
220 3797 260 3840 ea
275 3777 398 3840 armari
414 3784 482 3841 tam
500 3799 558 3859 per
574 3783 682 3840 terras
701 3776 797 3858 ipsae,
815 3796 913 3855 quam
925 3796 981 3856 per
999 3774 1081 3838 alias
1091 3780 1198 3836 terras

87 3873 238 3946 Maritima
253 3882 398 3965 ipsorum
414 3889 575 3966 portuum,
592 3881 625 3946 in
643 3883 749 3963 quibis
768 3883 977 3945 inueniuntur
992 3901 1129 3962 persone
1146 3877 1199 3940 de-

87 3987 216 4062 putande
231 3989 265 4053 in
281 3990 425 4054 vassallis
442 3991 584 4068 eisdem3
610 3996 642 4053 et
667 3990 694 4052 si
720 3989 891 4071 marinarij
924 3993 957 4051 et
981 4005 1117 4068 persone
1144 3984 1198 4048 de-

86 4093 216 4169 putande
231 4094 265 4161 in
282 4097 429 4161 vassellis
447 4098 528 4179 ipsis
543 4117 601 4180 per
617 4117 707 4159 mare
717 4095 767 4160 vel
784 4115 843 4177 per
853 4101 976 4158 terram
985 4093 1196 4156 mitterentur

85 4195 253 4267 addictam
269 4209 393 4268 terram
411 4203 589 4285 Brundusij
610 4224 682 4266 cum
708 4202 805 4266 rebus
837 4220 958 4280 eorum,
991 4220 1055 4263 non
1086 4219 1198 4281 posses

85 4301 147 4385 ipsa
161 4327 251 4374 arma
267 4317 303 4374 tu
314 4310 359 4376 sic
369 4311 534 4376 commode
551 4301 744 4375 et'celeriter
755 4306 971 4391 percompleri
982 4328 1040 4388 pro
1052 4326 1099 4388 eo,
1110 4307 1199 4388 quod

49 4446 53 4455 ·
84 4414 167 4480 multi
182 4439 220 4481 ex
235 4420 424 4504 marinarijs
441 4421 524 4502 ipsis
540 4419 727 4502 effugerent,
753 4425 787 4483 et
811 4417 888 4481 dum
919 4417 1134 4482 crederentur
1160 4437 1199 4480 na

87 4519 255 4593 addictam
271 4533 392 4596 terram
411 4525 603 4614 Brundusij,
620 4526 663 4591 ad
680 4531 790 4610 partes
807 4521 1200 4616 aliasdeclina1·ent.Pro·
