<?xml version="1.0" encoding="UTF-8"?>
<!DOCTYPE html PUBLIC "-//W3C//DTD XHTML 1.0 Transitional//EN"
    "http://www.w3.org/TR/xhtml1/DTD/xhtml1-transitional.dtd">
<html xmlns="http://www.w3.org/1999/xhtml" xml:lang="en" lang="en">
 <head>
  <title>
</title>
<meta http-equiv="Content-Type" content="text/html;charset=utf-8" />
  <meta name='ocr-system' content='tesseract 3.04.00' />
  <meta name='ocr-capabilities' content='ocr_page ocr_carea ocr_par ocr_line ocrx_word'/>
</head>
<body>
  <div class='ocr_page' id='page_1' title='image "./magyardiplomacz02wenzgoog_0212.png"; bbox 0 0 3170 5234; ppageno 0'>
   <div class='ocr_carea' id='block_1_1' title="bbox 405 301 1181 380">
    <p class='ocr_par' dir='ltr' id='par_1_1' title="bbox 405 301 1181 380">
     <span class='ocr_line' id='line_1_1' title="bbox 405 301 1181 380; baseline 0.008 -17"><span class='ocrx_word' id='word_1_1' title='bbox 405 301 468 365; x_wconf 88' lang='grc'>176</span> <span class='ocrx_word' id='word_1_2' title='bbox 540 375 542 380; x_wconf 37' lang='grc'><em>,</em></span> <span class='ocrx_word' id='word_1_3' title='bbox 765 323 998 370; x_wconf 75' lang='lat' dir='ltr'>nmnouaczmr</span> <span class='ocrx_word' id='word_1_4' title='bbox 1015 313 1181 371; x_wconf 74' lang='lat' dir='ltr'>suntuna.</span> 
     </span>
    </p>
   </div>
   <div class='ocr_carea' id='block_1_2' title="bbox 391 476 1577 1961">
    <p class='ocr_par' dir='ltr' id='par_1_2' title="bbox 391 476 1577 1961">
     <span class='ocr_line' id='line_1_2' title="bbox 400 476 1513 568; baseline 0.006 -26"><span class='ocrx_word' id='word_1_5' title='bbox 400 476 494 542; x_wconf 90' lang='lat' dir='ltr'>nobis</span> <span class='ocrx_word' id='word_1_6' title='bbox 511 480 673 562; x_wconf 86' lang='lat' dir='ltr'>petiuerit,</span> <span class='ocrx_word' id='word_1_7' title='bbox 689 485 723 544; x_wconf 90' lang='lat' dir='ltr'>vt</span> <span class='ocrx_word' id='word_1_8' title='bbox 747 481 778 545; x_wconf 92' lang='lat' dir='ltr'>ei</span> <span class='ocrx_word' id='word_1_9' title='bbox 801 481 1017 547; x_wconf 87' lang='lat' dir='ltr'>venditionem</span> <span class='ocrx_word' id='word_1_10' title='bbox 1034 506 1090 550; x_wconf 88' lang='lat' dir='ltr'>seu</span> <span class='ocrx_word' id='word_1_11' title='bbox 1110 485 1343 568; x_wconf 76' lang='lat' dir='ltr'>obligationem</span> <span class='ocrx_word' id='word_1_12' title='bbox 1365 485 1513 550; x_wconf 89' lang='lat' dir='ltr'>huiusmo-</span> 
     </span>
     <span class='ocr_line' id='line_1_3' title="bbox 401 584 1517 673; baseline 0.013 -25"><span class='ocrx_word' id='word_1_13' title='bbox 401 585 435 649; x_wconf 91' lang='lat' dir='ltr'>di</span> <span class='ocrx_word' id='word_1_14' title='bbox 458 584 598 650; x_wconf 85' lang='lat' dir='ltr'>saeiendi</span> <span class='ocrx_word' id='word_1_15' title='bbox 625 593 818 670; x_wconf 77' lang='lat' dir='ltr'><strong>oportunam</strong></span> <span class='ocrx_word' id='word_1_16' title='bbox 838 590 1015 655; x_wconf 88' lang='lat' dir='ltr'>concedere</span> <span class='ocrx_word' id='word_1_17' title='bbox 1025 593 1189 658; x_wconf 86' lang='lat' dir='ltr'>licentiam</span> <span class='ocrx_word' id='word_1_18' title='bbox 1206 592 1434 673; x_wconf 88' lang='lat' dir='ltr'>dignaremur:</span> <span class='ocrx_word' id='word_1_19' title='bbox 1449 591 1517 662; x_wconf 74' lang='lat' dir='ltr'>Nos,</span> 
     </span>
     <span class='ocr_line' id='line_1_4' title="bbox 401 693 1519 782; baseline 0.007 -26"><span class='ocrx_word' id='word_1_20' title='bbox 401 693 459 775; x_wconf 92' lang='lat' dir='ltr'>qui</span> <span class='ocrx_word' id='word_1_21' title='bbox 493 694 562 759; x_wconf 87' lang='lat' dir='ltr'>eius</span> <span class='ocrx_word' id='word_1_22' title='bbox 587 696 720 778; x_wconf 88' lang='lat' dir='ltr'>negotia</span> <span class='ocrx_word' id='word_1_23' title='bbox 745 697 789 760; x_wconf 74' lang='lat' dir='ltr'>ui</span> <span class='ocrx_word' id='word_1_24' title='bbox 814 702 927 762; x_wconf 83' lang='lat' dir='ltr'>nostra</span> <span class='ocrx_word' id='word_1_25' title='bbox 945 699 1080 780; x_wconf 88' lang='lat' dir='ltr'>propria</span> <span class='ocrx_word' id='word_1_26' title='bbox 1101 698 1133 762; x_wconf 95' lang='lat' dir='ltr'>in</span> <span class='ocrx_word' id='word_1_27' title='bbox 1150 698 1402 781; x_wconf 80' lang='lat' dir='ltr'>cogitationibus</span> <span class='ocrx_word' id='word_1_28' title='bbox 1418 706 1447 764; x_wconf 90' lang='lat' dir='ltr'>ct</span> <span class='ocrx_word' id='word_1_29' title='bbox 1460 719 1519 782; x_wconf 82' lang='lat' dir='ltr'>pre·</span> 
     </span>
     <span class='ocr_line' id='line_1_5' title="bbox 402 800 1520 888; baseline 0.004 -23"><span class='ocrx_word' id='word_1_30' title='bbox 402 800 523 885; x_wconf 80' lang='lat' dir='ltr'>cordiJs</span> <span class='ocrx_word' id='word_1_31' title='bbox 534 802 684 884; x_wconf 89' lang='lat' dir='ltr'>gerimus,</span> <span class='ocrx_word' id='word_1_32' title='bbox 695 804 881 869; x_wconf 88' lang='lat' dir='ltr'>huiusmodi</span> <span class='ocrx_word' id='word_1_33' title='bbox 900 807 968 871; x_wconf 85' lang='lat' dir='ltr'>eius</span> <span class='ocrx_word' id='word_1_34' title='bbox 988 807 1177 888; x_wconf 82' lang='lat' dir='ltr'>petitionem</span> <span class='ocrx_word' id='word_1_35' title='bbox 1188 805 1520 872; x_wconf 83' lang='lat' dir='ltr'>effectualiteradmic</span> 
     </span>
     <span class='ocr_line' id='line_1_6' title="bbox 403 908 1520 994; baseline 0.003 -20"><span class='ocrx_word' id='word_1_36' title='bbox 403 913 518 986; x_wconf 85' lang='lat' dir='ltr'>tentes,</span> <span class='ocrx_word' id='word_1_37' title='bbox 545 908 632 990; x_wconf 89' lang='lat' dir='ltr'>qnod</span> <span class='ocrx_word' id='word_1_38' title='bbox 655 910 729 992; x_wconf 87' lang='lat' dir='ltr'>ipsa</span> <span class='ocrx_word' id='word_1_39' title='bbox 753 910 901 977; x_wconf 88' lang='lat' dir='ltr'>redditus</span> <span class='ocrx_word' id='word_1_40' title='bbox 927 917 959 975; x_wconf 90' lang='lat' dir='ltr'>et</span> <span class='ocrx_word' id='word_1_41' title='bbox 975 921 1153 994; x_wconf 89' lang='lat' dir='ltr'>prouentus</span> <span class='ocrx_word' id='word_1_42' title='bbox 1170 935 1290 993; x_wconf 84' lang='lat' dir='ltr'>omnes,</span> <span class='ocrx_word' id='word_1_43' title='bbox 1306 919 1376 979; x_wconf 86' lang='lat' dir='ltr'>tam</span> <span class='ocrx_word' id='word_1_44' title='bbox 1392 913 1520 978; x_wconf 90' lang='lat' dir='ltr'>omnium</span> 
     </span>
     <span class='ocr_line' id='line_1_7' title="bbox 404 1017 1521 1103; baseline 0 -23"><span class='ocrx_word' id='word_1_45' title='bbox 404 1021 566 1080; x_wconf 89' lang='lat' dir='ltr'>terrarum</span> <span class='ocrx_word' id='word_1_46' title='bbox 578 1022 611 1080; x_wconf 92' lang='lat' dir='ltr'>et</span> <span class='ocrx_word' id='word_1_47' title='bbox 621 1017 854 1081; x_wconf 87' lang='lat' dir='ltr'>massariarum</span> <span class='ocrx_word' id='word_1_48' title='bbox 864 1037 995 1082; x_wconf 86' lang='lat' dir='ltr'>suarum</span> <span class='ocrx_word' id='word_1_49' title='bbox 1004 1017 1195 1100; x_wconf 75' lang='lat' dir='ltr'>ubicumque</span> <span class='ocrx_word' id='word_1_50' title='bbox 1211 1019 1244 1084; x_wconf 91' lang='lat' dir='ltr'>in</span> <span class='ocrx_word' id='word_1_51' title='bbox 1259 1019 1407 1103; x_wconf 88' lang='lat' dir='ltr'>predicto</span> <span class='ocrx_word' id='word_1_52' title='bbox 1419 1018 1521 1101; x_wconf 88' lang='lat' dir='ltr'>Regno</span> 
     </span>
     <span class='ocr_line' id='line_1_8' title="bbox 403 1120 1518 1207; baseline 0.001 -20"><span class='ocrx_word' id='word_1_53' title='bbox 403 1129 514 1187; x_wconf 89' lang='lat' dir='ltr'>nostro</span> <span class='ocrx_word' id='word_1_54' title='bbox 525 1120 635 1188; x_wconf 81' lang='lat' dir='ltr'>Sicilie</span> <span class='ocrx_word' id='word_1_55' title='bbox 645 1126 837 1206; x_wconf 84' lang='lat' dir='ltr'>positarum,</span> <span class='ocrx_word' id='word_1_56' title='bbox 858 1146 955 1207; x_wconf 86' lang='lat' dir='ltr'>quam</span> <span class='ocrx_word' id='word_1_57' title='bbox 971 1124 1064 1189; x_wconf 89' lang='lat' dir='ltr'>illurn</span> <span class='ocrx_word' id='word_1_58' title='bbox 1081 1125 1224 1190; x_wconf 82' lang='lat' dir='ltr'>annuum</span> <span class='ocrx_word' id='word_1_59' title='bbox 1248 1125 1421 1206; x_wconf 83' lang='lat' dir='ltr'>redditum,</span> <span class='ocrx_word' id='word_1_60' title='bbox 1436 1146 1518 1207; x_wconf 89' lang='lat' dir='ltr'>quem</span> 
     </span>
     <span class='ocr_line' id='line_1_9' title="bbox 405 1229 1520 1316; baseline 0.003 -23"><span class='ocrx_word' id='word_1_61' title='bbox 405 1229 445 1296; x_wconf 92' lang='lat' dir='ltr'>de</span> <span class='ocrx_word' id='word_1_62' title='bbox 469 1231 676 1297; x_wconf 88' lang='lat' dir='ltr'>ordinatione</span> <span class='ocrx_word' id='word_1_63' title='bbox 702 1238 816 1298; x_wconf 88' lang='lat' dir='ltr'>nostra</span> <span class='ocrx_word' id='word_1_64' title='bbox 847 1252 943 1316; x_wconf 89' lang='lat' dir='ltr'>super</span> <span class='ocrx_word' id='word_1_65' title='bbox 969 1230 1101 1297; x_wconf 84' lang='lat' dir='ltr'>dohana</span> <span class='ocrx_word' id='word_1_66' title='bbox 1118 1230 1272 1298; x_wconf 81' lang='lat' dir='ltr'>Ciuitatis</span> <span class='ocrx_word' id='word_1_67' title='bbox 1287 1231 1445 1316; x_wconf 80' lang='lat' dir='ltr'>Neapolis</span> <span class='ocrx_word' id='word_1_68' title='bbox 1458 1253 1520 1316; x_wconf 87' lang='lat' dir='ltr'>per·</span> 
     </span>
     <span class='ocr_line' id='line_1_10' title="bbox 391 1336 1518 1437; baseline 0 -35"><span class='ocrx_word' id='word_1_69' title='bbox 391 1339 488 1437; x_wconf 80' lang='lat' dir='ltr'>cipit,</span> <span class='ocrx_word' id='word_1_70' title='bbox 512 1337 650 1403; x_wconf 85' lang='lat' dir='ltr'>vendere</span> <span class='ocrx_word' id='word_1_71' title='bbox 676 1358 731 1402; x_wconf 87' lang='lat' dir='ltr'>seu</span> <span class='ocrx_word' id='word_1_72' title='bbox 756 1338 904 1421; x_wconf 87' lang='lat' dir='ltr'>obligare</span> <span class='ocrx_word' id='word_1_73' title='bbox 929 1341 1077 1422; x_wconf 89' lang='lat' dir='ltr'>personis</span> <span class='ocrx_word' id='word_1_74' title='bbox 1094 1341 1340 1422; x_wconf 83' lang='lat' dir='ltr'>quibuscunque</span> <span class='ocrx_word' id='word_1_75' title='bbox 1356 1359 1454 1420; x_wconf 83' lang='lat' dir='ltr'>vsque</span> <span class='ocrx_word' id='word_1_76' title='bbox 1482 1336 1518 1402; x_wconf 82' lang='lat' dir='ltr'>ed</span> 
     </span>
     <span class='ocr_line' id='line_1_11' title="bbox 402 1445 1521 1538; baseline -0.005 -24"><span class='ocrx_word' id='word_1_77' title='bbox 402 1447 651 1532; x_wconf 88' lang='lat' dir='ltr'>quadriennium</span> <span class='ocrx_word' id='word_1_78' title='bbox 660 1447 786 1526; x_wconf 80' lang='lat' dir='ltr'>valeat3</span> <span class='ocrx_word' id='word_1_79' title='bbox 806 1445 883 1538; x_wconf 89' lang='lat' dir='ltr'>dum</span> <span class='ocrx_word' id='word_1_80' title='bbox 900 1452 1007 1512; x_wconf 88' lang='lat' dir='ltr'>tamen</span> <span class='ocrx_word' id='word_1_81' title='bbox 1025 1449 1057 1511; x_wconf 94' lang='lat' dir='ltr'>in</span> <span class='ocrx_word' id='word_1_82' title='bbox 1074 1447 1214 1530; x_wconf 85' lang='lat' dir='ltr'>predicti</span> <span class='ocrx_word' id='word_1_83' title='bbox 1229 1447 1338 1531; x_wconf 83' lang='lat' dir='ltr'>Regni</span> <span class='ocrx_word' id='word_1_84' title='bbox 1355 1445 1406 1512; x_wconf 91' lang='lat' dir='ltr'>sui</span> <span class='ocrx_word' id='word_1_85' title='bbox 1420 1446 1521 1528; x_wconf 76' lang='lat' dir='ltr'>Vngu-</span> 
     </span>
     <span class='ocr_line' id='line_1_12' title="bbox 401 1552 1521 1638; baseline -0.005 -16"><span class='ocrx_word' id='word_1_86' title='bbox 401 1559 449 1622; x_wconf 90' lang='lat' dir='ltr'>rie</span> <span class='ocrx_word' id='word_1_87' title='bbox 459 1557 577 1622; x_wconf 86' lang='lat' dir='ltr'>Partes</span> <span class='ocrx_word' id='word_1_88' title='bbox 592 1555 736 1618; x_wconf 84' lang='lat' dir='ltr'>transire</span> <span class='ocrx_word' id='word_1_89' title='bbox 752 1553 939 1635; x_wconf 78' lang='lat' dir='ltr'>contingat3</span> <span class='ocrx_word' id='word_1_90' title='bbox 955 1555 1086 1638; x_wconf 84' lang='lat' dir='ltr'>plenam</span> <span class='ocrx_word' id='word_1_91' title='bbox 1101 1560 1300 1638; x_wconf 86' lang='lat' dir='ltr'>potestatem</span> <span class='ocrx_word' id='word_1_92' title='bbox 1316 1560 1351 1618; x_wconf 89' lang='lat' dir='ltr'>et</span> <span class='ocrx_word' id='word_1_93' title='bbox 1366 1552 1521 1617; x_wconf 82' lang='lat' dir='ltr'>licentiam</span> 
     </span>
     <span class='ocr_line' id='line_1_13' title="bbox 403 1656 1577 1748; baseline -0.003 -18"><span class='ocrx_word' id='word_1_94' title='bbox 403 1665 598 1748; x_wconf 82' lang='lat' dir='ltr'>impartimur</span> <span class='ocrx_word' id='word_1_95' title='bbox 623 1669 682 1727; x_wconf 85' lang='lat' dir='ltr'>etc.</span> <span class='ocrx_word' id='word_1_96' title='bbox 707 1659 830 1727; x_wconf 86' lang='lat' dir='ltr'>Datum</span> <span class='ocrx_word' id='word_1_97' title='bbox 847 1660 995 1727; x_wconf 86' lang='lat' dir='ltr'>Massilie</span> <span class='ocrx_word' id='word_1_98' title='bbox 1011 1683 1097 1726; x_wconf 89' lang='lat' dir='ltr'>anno</span> <span class='ocrx_word' id='word_1_99' title='bbox 1115 1661 1248 1728; x_wconf 90' lang='lat' dir='ltr'>Domini</span> <span class='ocrx_word' id='word_1_100' title='bbox 1262 1662 1314 1728; x_wconf 78' lang='grc' dir='ltr'>Μο</span> <span class='ocrx_word' id='word_1_101' title='bbox 1331 1657 1431 1724; x_wconf 72' lang='grc'>0000</span> <span class='ocrx_word' id='word_1_102' title='bbox 1445 1656 1520 1726; x_wconf 80' lang='lat' dir='ltr'><strong>VII⁰</strong></span> <span class='ocrx_word' id='word_1_103' title='bbox 1576 1675 1577 1678; x_wconf 75' lang='grc'>’</span> 
     </span>
     <span class='ocr_line' id='line_1_14' title="bbox 404 1768 1520 1854; baseline -0.005 -18"><span class='ocrx_word' id='word_1_104' title='bbox 404 1771 564 1840; x_wconf 88' lang='lat' dir='ltr'><strong>XXVII.</strong></span> <span class='ocrx_word' id='word_1_105' title='bbox 594 1769 789 1836; x_wconf 87' lang='lat' dir='ltr'>Novembris</span> <span class='ocrx_word' id='word_1_106' title='bbox 820 1768 880 1838; x_wconf 92' lang='lat' dir='ltr'>VI.</span> <span class='ocrx_word' id='word_1_107' title='bbox 910 1769 1107 1834; x_wconf 89' lang='lat' dir='ltr'>indictionis.</span> <span class='ocrx_word' id='word_1_108' title='bbox 1140 1771 1329 1854; x_wconf 82' lang='lat' dir='ltr'>Regnorum</span> <span class='ocrx_word' id='word_1_109' title='bbox 1345 1773 1520 1833; x_wconf 87' lang='lat' dir='ltr'>nostrornm</span> 
     </span>
     <span class='ocr_line' id='line_1_15' title="bbox 404 1877 784 1961; baseline -0.008 -16"><span class='ocrx_word' id='word_1_110' title='bbox 404 1879 659 1961; x_wconf 84' lang='lat' dir='ltr'>annovigesimo</span> <span class='ocrx_word' id='word_1_111' title='bbox 676 1877 784 1942; x_wconf 83' lang='lat' dir='ltr'>tertia.</span> 
     </span>
    </p>
   </div>
   <div class='ocr_carea' id='block_1_3' title="bbox 509 2037 1514 2106">
    <p class='ocr_par' dir='ltr' id='par_1_3' title="bbox 509 2037 1514 2106">
     <span class='ocr_line' id='line_1_16' title="bbox 509 2037 1514 2106; baseline -0.009 -15"><span class='ocrx_word' id='word_1_112' title='bbox 509 2043 544 2105; x_wconf 83' lang='lat' dir='ltr'>(A</span> <span class='ocrx_word' id='word_1_113' title='bbox 569 2041 652 2105; x_wconf 83' lang='lat' dir='ltr'>‹Reg.</span> <span class='ocrx_word' id='word_1_114' title='bbox 664 2040 815 2106; x_wconf 80' lang='lat' dir='ltr'>Angioini«</span> <span class='ocrx_word' id='word_1_115' title='bbox 830 2038 861 2087; x_wconf 89' lang='lat' dir='ltr'>B.</span> <span class='ocrx_word' id='word_1_116' title='bbox 877 2041 936 2088; x_wconf 81' lang='grc'>168.</span> <span class='ocrx_word' id='word_1_117' title='bbox 950 2053 987 2088; x_wconf 85' lang='lat' dir='ltr'>sz.</span> <span class='ocrx_word' id='word_1_118' title='bbox 1000 2039 1067 2105; x_wconf 85' lang='lat' dir='ltr'>Reg.</span> <span class='ocrx_word' id='word_1_119' title='bbox 1082 2037 1178 2088; x_wconf 80' lang='lat' dir='ltr'>Karoli</span> <span class='ocrx_word' id='word_1_120' title='bbox 1191 2039 1228 2089; x_wconf 86' lang='grc' dir='ltr'>Π.</span> <span class='ocrx_word' id='word_1_121' title='bbox 1242 2037 1298 2087; x_wconf 74' lang='lat' dir='ltr'>bct.</span> <span class='ocrx_word' id='word_1_122' title='bbox 1316 2041 1356 2086; x_wconf 82' lang='grc'>16.</span> <span class='ocrx_word' id='word_1_123' title='bbox 1370 2037 1429 2100; x_wconf 73' lang='lat' dir='ltr'>len,</span> <span class='ocrx_word' id='word_1_124' title='bbox 1442 2052 1469 2086; x_wconf 90' lang='lat' dir='ltr'>u.</span> <span class='ocrx_word' id='word_1_125' title='bbox 1481 2037 1514 2096; x_wconf 89' lang='lat' dir='ltr'>o.)</span> 
     </span>
    </p>
   </div>
   <div class='ocr_carea' id='block_1_4' title="bbox 624 2401 1286 2626">
    <p class='ocr_par' dir='ltr' id='par_1_4' title="bbox 624 2401 1286 2626">
     <span class='ocr_line' id='line_1_17' title="bbox 929 2401 1001 2462; baseline 0.014 -1"><span class='ocrx_word' id='word_1_126' title='bbox 929 2401 1001 2462; x_wconf 76' lang='grc'><strong>229.</strong></span> 
     </span>
     <span class='ocr_line' id='line_1_18' title="bbox 624 2557 1286 2626; baseline -0.011 0"><span class='ocrx_word' id='word_1_127' title='bbox 624 2562 770 2626; x_wconf 78' lang='lat' dir='ltr'>Mardtbi</span> <span class='ocrx_word' id='word_1_128' title='bbox 787 2561 963 2625; x_wconf 83' lang='lat' dir='ltr'>Messanda</span> <span class='ocrx_word' id='word_1_129' title='bbox 978 2557 1172 2623; x_wconf 77' lang='lat' dir='ltr'>Sicilidbaa.</span> <span class='ocrx_word' id='word_1_130' title='bbox 1192 2559 1286 2623; x_wconf 84' lang='lat'><strong>1307.</strong></span> 
     </span>
    </p>
   </div>
   <div class='ocr_carea' id='block_1_5' title="bbox 403 2711 1519 2899">
    <p class='ocr_par' dir='ltr' id='par_1_5' title="bbox 403 2711 1519 2899">
     <span class='ocr_line' id='line_1_19' title="bbox 509 2711 1519 2785; baseline -0.012 3"><span class='ocrx_word' id='word_1_131' title='bbox 509 2758 552 2769; x_wconf 85' lang='lat'>-</span> <span class='ocrx_word' id='word_1_132' title='bbox 598 2757 642 2768; x_wconf 89' lang='lat'>—</span> <span class='ocrx_word' id='word_1_133' title='bbox 702 2757 746 2766; x_wconf 93' lang='lat'><strong>—</strong></span> <span class='ocrx_word' id='word_1_134' title='bbox 791 2757 834 2768; x_wconf 94' lang='lat'><em>-</em></span> <span class='ocrx_word' id='word_1_135' title='bbox 862 2719 983 2785; x_wconf 90' lang='lat' dir='ltr'>nobilis</span> <span class='ocrx_word' id='word_1_136' title='bbox 1008 2719 1124 2784; x_wconf 90' lang='lat' dir='ltr'>mulier</span> <span class='ocrx_word' id='word_1_137' title='bbox 1148 2716 1327 2782; x_wconf 84' lang='lat' dir='ltr'>Messanda</span> <span class='ocrx_word' id='word_1_138' title='bbox 1343 2716 1382 2780; x_wconf 89' lang='lat' dir='ltr'>dc</span> <span class='ocrx_word' id='word_1_139' title='bbox 1392 2711 1519 2780; x_wconf 78' lang='lat' dir='ltr'>Meroth</span> 
     </span>
     <span class='ocr_line' id='line_1_20' title="bbox 403 2824 1098 2899; baseline -0.012 -2"><span class='ocrx_word' id='word_1_140' title='bbox 403 2832 464 2897; x_wconf 91' lang='lat' dir='ltr'>stb.</span> <span class='ocrx_word' id='word_1_141' title='bbox 481 2828 617 2899; x_wconf 88' lang='lat' dir='ltr'><strong>XXIV.</strong></span> <span class='ocrx_word' id='word_1_142' title='bbox 633 2827 827 2893; x_wconf 83' lang='lat' dir='ltr'>Decembris</span> <span class='ocrx_word' id='word_1_143' title='bbox 842 2824 883 2894; x_wconf 90' lang='lat' dir='ltr'>V.</span> <span class='ocrx_word' id='word_1_144' title='bbox 901 2825 1098 2891; x_wconf 86' lang='lat' dir='ltr'>indictionis.</span> 
     </span>
    </p>
   </div>
   <div class='ocr_carea' id='block_1_6' title="bbox 398 3002 1577 3159">
    <p class='ocr_par' dir='ltr' id='par_1_6' title="bbox 398 3002 1577 3159">
     <span class='ocr_line' id='line_1_21' title="bbox 492 3002 1577 3078; baseline -0.008 -20"><span class='ocrx_word' id='word_1_145' title='bbox 492 3011 527 3073; x_wconf 80' lang='grc' dir='ltr'>(Α</span> <span class='ocrx_word' id='word_1_146' title='bbox 542 3010 680 3078; x_wconf 75' lang='lat' dir='ltr'>»Registri</span> <span class='ocrx_word' id='word_1_147' title='bbox 694 3009 844 3070; x_wconf 78' lang='lat' dir='ltr'>Angioini«</span> <span class='ocrx_word' id='word_1_148' title='bbox 860 3009 893 3056; x_wconf 91' lang='lat' dir='ltr'>D.</span> <span class='ocrx_word' id='word_1_149' title='bbox 911 3011 967 3056; x_wconf 74' lang='lat'><strong>165.</strong></span> <span class='ocrx_word' id='word_1_150' title='bbox 982 3023 1018 3057; x_wconf 84' lang='lat' dir='ltr'>sz.</span> <span class='ocrx_word' id='word_1_151' title='bbox 1031 3008 1099 3070; x_wconf 84' lang='lat' dir='ltr'>Reg.</span> <span class='ocrx_word' id='word_1_152' title='bbox 1114 3005 1211 3054; x_wconf 81' lang='lat' dir='ltr'>Keroli</span> <span class='ocrx_word' id='word_1_153' title='bbox 1225 3005 1260 3053; x_wconf 93' lang='lat' dir='ltr'>II.</span> <span class='ocrx_word' id='word_1_154' title='bbox 1275 3008 1304 3052; x_wconf 85' lang='lat' dir='ltr'>et</span> <span class='ocrx_word' id='word_1_155' title='bbox 1317 3004 1433 3053; x_wconf 85' lang='lat' dir='ltr'>Roborti</span> <span class='ocrx_word' id='word_1_156' title='bbox 1446 3002 1518 3050; x_wconf 73' lang='lat' dir='ltr'>kete-</span> <span class='ocrx_word' id='word_1_157' title='bbox 1576 3071 1577 3074; x_wconf 8' lang='grc' dir='ltr'><strong>Ἴ</strong></span> 
     </span>
     <span class='ocr_line' id='line_1_22' title="bbox 398 3100 713 3159; baseline -0.006 -11"><span class='ocrx_word' id='word_1_158' title='bbox 398 3101 474 3149; x_wconf 75' lang='lat' dir='ltr'>tebol</span> <span class='ocrx_word' id='word_1_159' title='bbox 489 3105 548 3148; x_wconf 82' lang='grc'><strong>176.</strong></span> <span class='ocrx_word' id='word_1_160' title='bbox 562 3100 622 3159; x_wconf 68' lang='lat' dir='ltr'>lou,</span> <span class='ocrx_word' id='word_1_161' title='bbox 635 3114 662 3147; x_wconf 94' lang='lat' dir='ltr'>u.</span> <span class='ocrx_word' id='word_1_162' title='bbox 677 3101 713 3159; x_wconf 76' lang='lat' dir='ltr'>o.)</span> 
     </span>
    </p>
   </div>
   <div class='ocr_carea' id='block_1_7' title="bbox 887 3201 1043 3211">
    <p class='ocr_par' dir='ltr' id='par_1_7' title="bbox 887 3201 1043 3211">
     <span class='ocr_line' id='line_1_23' title="bbox 887 3201 1043 3211; baseline -0.006 0"><span class='ocrx_word' id='word_1_163' title='bbox 887 3201 1043 3211; x_wconf 71' lang='grc' dir='ltr'>-Α--.......</span> 
     </span>
    </p>
   </div>
   <div class='ocr_carea' id='block_1_8' title="bbox 399 3542 1521 3718">
    <p class='ocr_par' dir='ltr' id='par_1_8' title="bbox 399 3542 1521 3718">
     <span class='ocr_line' id='line_1_24' title="bbox 399 3542 1521 3632; baseline -0.005 -20"><span class='ocrx_word' id='word_1_164' title='bbox 399 3549 443 3613; x_wconf 86' lang='grc' dir='ltr'>ΙΙ.</span> <span class='ocrx_word' id='word_1_165' title='bbox 455 3547 578 3631; x_wconf 80' lang='lat' dir='ltr'>Ka&#39;roly</span> <span class='ocrx_word' id='word_1_166' title='bbox 587 3545 709 3611; x_wconf 77' lang='lat' dir='ltr'>sicilici</span> <span class='ocrx_word' id='word_1_167' title='bbox 720 3542 831 3632; x_wconf 70' lang='lat' dir='ltr'>loirdly</span> <span class='ocrx_word' id='word_1_168' title='bbox 842 3545 976 3610; x_wconf 80' lang='lat' dir='ltr'>Rikord</span> <span class='ocrx_word' id='word_1_169' title='bbox 994 3555 1157 3629; x_wconf 76' lang='lat' dir='ltr'>caperestet</span> <span class='ocrx_word' id='word_1_170' title='bbox 1167 3545 1264 3610; x_wconf 72' lang='lat' dir='ltr'>baldi</span> <span class='ocrx_word' id='word_1_171' title='bbox 1274 3546 1416 3610; x_wconf 70' lang='lat' dir='ltr'>Gortilis</span> <span class='ocrx_word' id='word_1_172' title='bbox 1427 3545 1521 3608; x_wconf 83' lang='lat' dir='ltr'>biber·</span> 
     </span>
     <span class='ocr_line' id='line_1_25' title="bbox 830 3651 1073 3718; baseline 0.004 -4"><span class='ocrx_word' id='word_1_173' title='bbox 830 3655 957 3718; x_wconf 81' lang='lat' dir='ltr'>nokboz.</span> <span class='ocrx_word' id='word_1_174' title='bbox 977 3651 1073 3717; x_wconf 76' lang='lat'><strong>1308.</strong></span> 
     </span>
    </p>
   </div>
   <div class='ocr_carea' id='block_1_9' title="bbox 396 3809 1523 4217">
    <p class='ocr_par' dir='ltr' id='par_1_9' title="bbox 396 3809 1523 4217">
     <span class='ocr_line' id='line_1_26' title="bbox 506 3809 1523 3896; baseline -0.008 -16"><span class='ocrx_word' id='word_1_175' title='bbox 506 3814 689 3880; x_wconf 86' lang='lat' dir='ltr'>Riceardus</span> <span class='ocrx_word' id='word_1_176' title='bbox 710 3813 750 3877; x_wconf 87' lang='lat' dir='ltr'>dc</span> <span class='ocrx_word' id='word_1_177' title='bbox 761 3812 888 3878; x_wconf 84' lang='lat' dir='ltr'>Comitc</span> <span class='ocrx_word' id='word_1_178' title='bbox 904 3810 1168 3878; x_wconf 87' lang='lat' dir='ltr'>Archidiaconus</span> <span class='ocrx_word' id='word_1_179' title='bbox 1179 3809 1371 3896; x_wconf 87' lang='lat' dir='ltr'>Vigiliensis</span> <span class='ocrx_word' id='word_1_180' title='bbox 1387 3812 1523 3876; x_wconf 86' lang='lat' dir='ltr'>mittitur</span> 
     </span>
     <span class='ocr_line' id='line_1_27' title="bbox 397 3919 1520 4006; baseline -0.007 -19"><span class='ocrx_word' id='word_1_181' title='bbox 397 3945 457 4006; x_wconf 92' lang='lat' dir='ltr'>pro</span> <span class='ocrx_word' id='word_1_182' title='bbox 468 3925 565 3987; x_wconf 88' lang='lat' dir='ltr'>certis</span> <span class='ocrx_word' id='word_1_183' title='bbox 576 3922 716 4005; x_wconf 86' lang='lat' dir='ltr'>negotiis</span> <span class='ocrx_word' id='word_1_184' title='bbox 727 3921 770 3985; x_wconf 88' lang='lat' dir='ltr'>ad</span> <span class='ocrx_word' id='word_1_185' title='bbox 785 3921 1002 3988; x_wconf 80' lang='lat' dir='ltr'>venerabilem</span> <span class='ocrx_word' id='word_1_186' title='bbox 1020 3921 1052 3996; x_wconf 79' lang='lat' dir='ltr'>in</span> <span class='ocrx_word' id='word_1_187' title='bbox 1070 3919 1201 3986; x_wconf 81' lang='lat' dir='ltr'>Christo</span> <span class='ocrx_word' id='word_1_188' title='bbox 1218 3926 1346 4003; x_wconf 86' lang='lat' dir='ltr'>patrem</span> <span class='ocrx_word' id='word_1_189' title='bbox 1363 3920 1520 3984; x_wconf 89' lang='lat' dir='ltr'>dominum</span> 
     </span>
     <span class='ocr_line' id='line_1_28' title="bbox 399 4026 1521 4111; baseline -0.005 -17"><span class='ocrx_word' id='word_1_190' title='bbox 399 4028 563 4094; x_wconf 84' lang='lat' dir='ltr'>Gentilem</span> <span class='ocrx_word' id='word_1_191' title='bbox 581 4029 643 4094; x_wconf 90' lang='lat' dir='ltr'>Dei</span> <span class='ocrx_word' id='word_1_192' title='bbox 670 4031 777 4111; x_wconf 85' lang='lat' dir='ltr'>gratia</span> <span class='ocrx_word' id='word_1_193' title='bbox 796 4027 884 4093; x_wconf 91' lang='lat' dir='ltr'>tituli</span> <span class='ocrx_word' id='word_1_194' title='bbox 904 4026 1017 4092; x_wconf 84' lang='lat' dir='ltr'>Sancti</span> <span class='ocrx_word' id='word_1_195' title='bbox 1037 4027 1176 4094; x_wconf 85' lang='lat' dir='ltr'>Martini</span> <span class='ocrx_word' id='word_1_196' title='bbox 1192 4031 1226 4091; x_wconf 90' lang='lat' dir='ltr'>in</span> <span class='ocrx_word' id='word_1_197' title='bbox 1243 4027 1415 4092; x_wconf 86' lang='lat' dir='ltr'>Montibus</span> <span class='ocrx_word' id='word_1_198' title='bbox 1432 4029 1521 4094; x_wconf 86' lang='lat' dir='ltr'>Pres-</span> 
     </span>
     <span class='ocr_line' id='line_1_29' title="bbox 396 4132 1520 4217; baseline -0.003 -16"><span class='ocrx_word' id='word_1_199' title='bbox 396 4137 537 4202; x_wconf 88' lang='lat' dir='ltr'>bitermn</span> <span class='ocrx_word' id='word_1_200' title='bbox 550 4133 762 4202; x_wconf 78' lang='lat' dir='ltr'>Cardinalem</span> <span class='ocrx_word' id='word_1_201' title='bbox 772 4137 805 4200; x_wconf 90' lang='lat' dir='ltr'>in</span> <span class='ocrx_word' id='word_1_202' title='bbox 815 4134 931 4216; x_wconf 87' lang='lat' dir='ltr'>Regno</span> <span class='ocrx_word' id='word_1_203' title='bbox 941 4133 1088 4214; x_wconf 85' lang='lat' dir='ltr'>Vngarie</span> <span class='ocrx_word' id='word_1_204' title='bbox 1106 4133 1298 4217; x_wconf 85' lang='lat' dir='ltr'>Apostolice</span> <span class='ocrx_word' id='word_1_205' title='bbox 1310 4132 1406 4199; x_wconf 83' lang='lat' dir='ltr'>Sedis</span> <span class='ocrx_word' id='word_1_206' title='bbox 1423 4136 1520 4216; x_wconf 69' lang='lat' dir='ltr'>Lege</span> 
     </span>
    </p>
   </div>
   <div class='ocr_carea' id='block_1_10' title="bbox 396 4240 1113 4328">
    <p class='ocr_par' dir='ltr' id='par_1_10' title="bbox 396 4240 1113 4328">
     <span class='ocr_line' id='line_1_30' title="bbox 396 4240 1113 4328; baseline -0.003 -20"><span class='ocrx_word' id='word_1_207' title='bbox 396 4247 475 4310; x_wconf 87' lang='lat' dir='ltr'>tum.</span> <span class='ocrx_word' id='word_1_208' title='bbox 493 4243 651 4312; x_wconf 92' lang='lat' dir='ltr'><strong>XXVII.</strong></span> <span class='ocrx_word' id='word_1_209' title='bbox 667 4245 692 4310; x_wconf 88' lang='lat' dir='ltr'><strong>J</strong></span> <span class='ocrx_word' id='word_1_210' title='bbox 694 4244 823 4328; x_wconf 85' lang='lat' dir='ltr'>anuarij</span> <span class='ocrx_word' id='word_1_211' title='bbox 840 4240 900 4311; x_wconf 91' lang='lat' dir='ltr'>VI.</span> <span class='ocrx_word' id='word_1_212' title='bbox 917 4243 1113 4308; x_wconf 83' lang='lat' dir='ltr'>indictionis</span> 
     </span>
    </p>
   </div>
   <div class='ocr_carea' id='block_1_11' title="bbox 396 4403 1519 4561">
    <p class='ocr_par' dir='ltr' id='par_1_11' title="bbox 396 4403 1519 4561">
     <span class='ocr_line' id='line_1_31' title="bbox 504 4403 1519 4472; baseline -0.001 -17"><span class='ocrx_word' id='word_1_213' title='bbox 504 4407 540 4467; x_wconf 78' lang='lat' dir='ltr'>(A</span> <span class='ocrx_word' id='word_1_214' title='bbox 551 4407 690 4471; x_wconf 77' lang='lat' dir='ltr'>»BsgIstri</span> <span class='ocrx_word' id='word_1_215' title='bbox 701 4407 853 4472; x_wconf 75' lang='lat' dir='ltr'>Angioini‹</span> <span class='ocrx_word' id='word_1_216' title='bbox 864 4409 895 4458; x_wconf 90' lang='lat' dir='ltr'>B.</span> <span class='ocrx_word' id='word_1_217' title='bbox 912 4411 970 4457; x_wconf 77' lang='lat'><strong>171.</strong></span> <span class='ocrx_word' id='word_1_218' title='bbox 984 4421 1022 4457; x_wconf 86' lang='lat' dir='ltr'>sz.</span> <span class='ocrx_word' id='word_1_219' title='bbox 1035 4406 1103 4471; x_wconf 84' lang='lat' dir='ltr'>Reg.</span> <span class='ocrx_word' id='word_1_220' title='bbox 1116 4404 1212 4454; x_wconf 82' lang='lat' dir='ltr'>Karoli</span> <span class='ocrx_word' id='word_1_221' title='bbox 1225 4403 1264 4458; x_wconf 88' lang='grc' dir='ltr'>Π.</span> <span class='ocrx_word' id='word_1_222' title='bbox 1277 4407 1305 4452; x_wconf 79' lang='lat' dir='ltr'>et</span> <span class='ocrx_word' id='word_1_223' title='bbox 1318 4406 1437 4456; x_wconf 77' lang='lat' dir='ltr'>Roberti</span> <span class='ocrx_word' id='word_1_224' title='bbox 1449 4407 1519 4456; x_wconf 79' lang='lat' dir='ltr'>kbte·</span> 
     </span>
     <span class='ocr_line' id='line_1_32' title="bbox 396 4495 681 4561; baseline 0.004 -16"><span class='ocrx_word' id='word_1_225' title='bbox 396 4495 474 4546; x_wconf 73' lang='lat' dir='ltr'>tobel</span> <span class='ocrx_word' id='word_1_226' title='bbox 489 4499 512 4546; x_wconf 82' lang='grc'>8.</span> <span class='ocrx_word' id='word_1_227' title='bbox 526 4497 578 4544; x_wconf 82' lang='lat' dir='ltr'>lev.</span> <span class='ocrx_word' id='word_1_228' title='bbox 592 4510 618 4545; x_wconf 91' lang='lat' dir='ltr'>u.</span> <span class='ocrx_word' id='word_1_229' title='bbox 633 4511 657 4546; x_wconf 93' lang='lat' dir='ltr'>o.</span> <span class='ocrx_word' id='word_1_230' title='bbox 671 4499 681 4561; x_wconf 84' lang='lat'><em>)</em></span> 
     </span>
    </p>
   </div>
   <div class='ocr_carea' id='block_1_12' title="bbox 0 0 1601 5234">
    <p class='ocr_par' dir='ltr' id='par_1_12' title="bbox 0 0 1601 5234">
     <span class='ocr_line' id='line_1_33' title="bbox 0 0 1601 5234; baseline 0 0"><span class='ocrx_word' id='word_1_231' title='bbox 0 0 1601 5234; x_wconf 95' lang='lat' dir='ltr'> </span> 
     </span>
    </p>
   </div>
  </div>
 </body>
</html>
