3174 5236
741 342 975 390 oiruonncanu
992 327 1159 391 umanum

922 629 973 688 84.

421 789 467 851 ΙΙ.
485 789 611 874 Kdroly
627 786 754 852 sicilici
773 787 887 872 kiruty
903 793 1088 851 landemarii
1107 788 1239 875 Gylirpy
1252 790 1363 875 profui
1380 791 1469 854 leuto-l.

731 895 1044 980 Mapyororezdpba.
1073 897 1169 959 1285.

493 1072 662 1154 Magistris
678 1071 909 1136 Rationalibus
925 1071 1047 1155 Magne
1057 1069 1157 1137 Ourie
1170 1071 1293 1154 Baroli‚
1310 1073 1396 1156 qnod
1413 1074 1498 1153 assig-

383 1178 454 1244 nari
480 1181 602 1244 faciant
626 1181 788 1261 galionem
814 1201 910 1243 vnum
926 1179 995 1242 viro
1012 1177 1113 1243 nobili
1130 1177 1249 1242 Comiti
1267 1177 1410 1260 Georgio
1426 1177 1499 1242 Con-

384 1287 506 1352 siliario
531 1287 686 1350 familiari
703 1293 734 1351 et
750 1286 839 1350 fideli
856 1286 898 1349 ad
913 1286 1103 1350 mandatum
1122 1293 1265 1350 nostrum
1281 1286 1314 1350 in
1332 1286 1499 1366 Vngui-iam

383 1393 562 1459 reddituro.
585 1395 708 1459 Datum
724 1391 867 1474 Neapoli
884 1392 929 1455 X.
945 1393 1119 1476 Februarij
1138 1392 1240 1456 XIII.
1256 1392 1446 1456 indictionis.

495 1575 528 1632 (A
551 1574 689 1638 ›Registri
708 1573 859 1637 Angioini«
880 1574 910 1621 B.
932 1577 973 1622 97.
987 1588 1025 1622 sn.
1039 1573 1106 1636 Reg.
1120 1573 1218 1621 Karoli
1234 1571 1270 1624 Il.
1287 1571 1435 1626 kotetdben
1449 1575 1498 1621 lot.

384 1667 428 1715 lev
448 1683 454 1729 3
475 1680 500 1714 u.
516 1669 552 1726 o.)

869 1791 1027 1800 Ἥ-

924 2027 975 2086 85.

409 2183 514 2253 Jeioos
530 2195 644 2248 mester
661 2175 786 2248 Hem-ilc
804 2184 935 2248 bonitale
952 2185 1005 2266 fla
1023 2184 1071 2246 ΙΙ.
1089 2185 1216 2271 Kciroly
1232 2185 1363 2249 sicilici
1378 2185 1481 2268 lcirdlp
1586 2172 1587 2189 ¹

787 2293 992 2356 udoorrilioo.
1022 2294 1116 2354 1285.

495 2467 658 2549 Magister
674 2466 842 2532 Johannes
859 2465 945 2530 filius
958 2466 1094 2531 Hernici
1105 2469 1192 2532 Boni
1207 2468 1366 2551 recipitur
1382 2469 1413 2532 in
1427 2465 1500 2531 mili-

388 2581 452 2638 tem
477 2579 510 2637 et
536 2573 728 2638 familiarem
755 2574 871 2638 Karoli
888 2575 933 2638 Π.
951 2574 1048 2642 XIV.
1066 2576 1169 2658 Madij
1188 2577 1386 2640 indictioniis
1410 2571 1502 2639 XIII.

498 2753 533 2812 (A
557 2754 694 2818 »Registri
713 2754 861 2818 Angioinis
883 2755 914 2803 B.
935 2757 976 2804 97.
998 2771 1035 2804 an.
1049 2755 1117 2820 Reg.
1131 2757 1229 2805 Karoli
1244 2756 1280 2805 11.
1294 2757 1434 2810 kotetebiil
1447 2757 1499 2802 245.

388 2843 441 2892 lev.
453 2857 459 2906 3
479 2857 506 2892 u.
520 2845 556 2902 o.)

873 2972 1031 2980 --—----.-—-

926 3209 978 3270 86.

390 3363 453 3430 Pu'l
469 3367 710 3452 horudtomzripi
727 3368 787 3430 bain
806 3391 827 3430 a
842 3368 1007 3452 jddroiolc
1025 3373 1175 3432 eadmero
1192 3393 1212 3430 o
1228 3373 1322 3452 po'pa
1350 3363 1503 3452 rapitrapit

851 3474 933 3537 Ιίέφὶ.
959 3477 1051 3540 1285.

498 3613 692 3698 Exemplum
708 3614 804 3679 litere
821 3611 906 3679 Bani
924 3610 1021 3680 Pauli
1037 3617 1135 3680 misse
1151 3615 1281 3680 domino
1299 3613 1387 3699 Pape
1409 3613 1438 3676 in
1462 3611 1505 3674 fa·

390 3743 501 3787 uorem
521 3722 742 3788 Jadrensium.

500 3829 713 3897 Sanctissimo
744 3831 776 3895 in
803 3830 934 3898 Christo
960 3829 1048 3913 patri
1073 3837 1106 3894 et
1132 3828 1263 3896 domino
1289 3830 1416 3896 domino
1440 3827 1506 3891 (lle-

390 3938 491 4000 menti
521 3937 643 4002 Divina
675 3937 884 4020 prouidentia
931 3935 1148 4000 Sacrosancte
1189 3937 1339 4002 Romane
1369 3934 1507 4002 Ecclesic

392 4042 524 4107 Summo
541 4065 579 4106 ae
597 4043 789 4109 Vniuersali
807 4043 967 4122 Pontifici,
993 4042 1123 4106 domino
1140 4063 1199 4106 suo
1225 4043 1400 4126 plurimum
1423 4059 1509 4105 reue·

390 4149 502 4230 nendo,
528 4148 653 4215 Paulus
670 4152 784 4217 Bonus
802 4149 1023 4216 Obroatorum
1039 4156 1071 4212 et
1086 4150 1247 4216 Dominus
1263 4150 1381 4232 Bosne,
1398 4145 1509 4232 pedum

392 4256 501 4320 oscula
517 4256 686 4323 beatorum
703 4280 776 4324 cum
800 4258 1024 4341 prontitudine
1051 4257 1228 4321 seruiendo.
1256 4254 1343 4340 Quia
1368 4277 1428 4320 non
1457 4252 1510 4336 qui

392 4361 557 4444 inceperit,
575 4364 633 4427 sed
648 4367 735 4449 quod
754 4350 1023 4450 perseuerauerit,
1048 4363 1166 4445 recipit
1181 4362 1342 4446 brauium,
1367 4383 1402 4426 ac
1430 4357 1509 4424 illud

390 4473 564 4552 presertim
579 4471 668 4554 pium
684 4482 735 4539 est
749 4473 961 4555 laudandum,
987 4471 1073 4554 quod
1097 4469 1160 4536 fine
1187 4469 1355 4536 clauditur
1379 4465 1511 4535 meliori.
