3170 5234
573 641 646 702 231.

1 851 2 862 ,
62 799 124 862 HI.
150 799 285 885 Fripyos
311 799 475 864 arraztriai
499 802 627 886 hercaep
652 796 832 885 Styridbco
856 813 1008 866 aeuezeteu
1033 801 1170 868 dirtokot

249 908 407 970 inscribsit
425 932 446 972 α
462 907 647 972 Babonicka'
661 906 847 993 profoknak
867 912 960 974 1308.

1 1137 2 1146 ἵ
150 1065 219 1130 Nos
233 1065 426 1150 Stephanus,
436 1065 606 1130 Johannes
623 1073 656 1130 et
671 1066 845 1132 Ladislaus
855 1065 998 1132 Comites
1015 1068 1054 1132 de
1064 1066 1171 1134 Baba·

59 1171 123 1236 nich
132 1172 257 1256 fratrea,
267 1171 473 1256 presentibus
485 1172 613 1256 publice
624 1173 816 1256 profitemur
826 1180 860 1238 ot
869 1177 1129 1258 recognoscimus
1139 1181 1172 1242 et

1 1283 2 1352 i
58 1279 247 1362 spondemus,
264 1281 352 1362 quod
369 1302 427 1346 nos
444 1284 561 1346 turrim
586 1281 620 1344 in
646 1279 818 1362 Grezchin,
843 1280 982 1346 mediam
1012 1283 1170 1350 nrboram

55 1389 83 1450 in
107 1388 307 1471 Landstrosa
336 1389 489 1455 vrberam
513 1390 676 1471 integram
704 1390 739 1454 in
768 1385 974 1472 Sicherbcrg,
999 1391 1109 1458 villam
1134 1393 1168 1456 in

1 1463 3 1502 i
56 1490 320 1578 Obcrleitenberg‚
346 1495 452 1562 forum
477 1499 512 1562 in
538 1492 687 1576 Oromau,
714 1503 746 1560 ct
771 1495 894 1562 nobiles
911 1517 967 1562 seu
985 1497 1119 1566 clientes
1134 1501 1167 1565 in

53 1601 202 1686 Orchiniz,
212 1606 308 1670 nobis
320 1611 353 1670 et
362 1609 482 1671 nostris
493 1606 669 1672 heredibus
679 1628 738 1689 pro
749 1609 905 1671 trecentis
915 1609 1035 1673 marcis
1046 1614 1163 1692 argent

1 1787 2 1802 χ
54 1712 198 1793 ponderis
226 1709 424 1779 Viennensis
442 1715 572 1780 racione
598 1715 701 1778 nostri
727 1714 872 1798 obsequij
899 1714 997 1779 titulo
1023 1715 1170 1799 pignoris

52 1819 186 1904 obligata
195 1842 254 1905 per
264 1819 434 1887 Illustrem
446 1819 632 1904 Principem
647 1822 812 1886 dominum
828 1819 1034 1888 Fridericum
1044 1823 1173 1890 Ducem

1 1941 2 1998 i
52 1925 186 2008 dustria,
196 1929 302 1994 eidem
311 1928 451 1994 Domino
462 1935 574 1993 nostro
587 1951 625 1993 ac
636 1930 702 1993 suis
714 1928 951 1995 successoribus
963 1930 1172 1995 restituemus

1 2078 3 2102 r
55 2039 260 2102 etrestituere
280 2035 500 2121 promittimus
519 2058 579 2120 per
588 2042 761 2121 presentes,
779 2038 1039 2120 quandocunque
1049 2037 1089 2104 de
1100 2058 1174 2122 pre·

1 2145 2 2236 t
55 2142 118 2208 iata
132 2145 268 2228 pecunia
294 2144 392 2209 soluti
407 2141 563 2210 fuerimus
579 2145 786 2228 integraliter
802 2151 834 2210 et
850 2145 968 2228 pacati.
978 2141 1019 2210 In
1036 2167 1175 2229 quorum

56 2253 267 2318 testimonium
283 2253 426 2335 sigillum
436 2273 541 2318 mcum
568 2249 734 2336 Stephani
758 2253 947 2336 supradicti,
964 2276 1028 2337 quo
1063 2259 1096 2319 ct
1115 2275 1175 2322 nos

1 2429 2 2445 χ
57 2357 217 2425 Johnnnes
228 2363 261 2426 et
273 2359 449 2426 Ladislaus
460 2360 602 2425 contenti
613 2381 721 2426 sumus
741 2365 773 2424 et
792 2359 913 2426 utimur·
930 2361 993 2427 ista
1009 2361 1087 2441 uice,
1103 2383 1175 2445 pre·

1 2459 2 2530 i
57 2467 192 2533 sentibus
208 2473 259 2532 cst
284 2489 470 2552 appensum.
504 2467 595 2532 Data
620 2466 654 2530 in
679 2467 905 2549 Marohpurga
930 2487 1014 2530 anno
1041 2467 1176 2533 Domini

1 2571 2 2658 i
57 2573 218 2640 millesimo
234 2575 465 2640 trecentesimo
482 2578 598 2639 octauo
614 2571 722 2638 idibus
739 2574 870 2657 Marcij.

89 2807 120 2858 &b
158 2737 299 2872 (prodetis
325 2736 516 2800 berhartydn,
541 2750 557 2785 a
582 2735 671 2800 gritzi
697 2736 853 2790 Joannenm
879 2736 996 2786 kdzirati
1021 2735 1177 2804 gyttjtemt.

55 2821 88 2870 ny
121 2821 162 2858 en.

536 2982 693 2998 nau-...Annua

578 3225 652 3288 232.

1 3369 2 3394 i
54 3385 192 3454 Orat-ilia
217 3382 384 3466 hibernale,
409 3403 448 3448 aa
475 3385 612 3472 apostoli
637 3382 708 3446 sztk
737 3381 851 3462 kdaetr,
868 3378 962 3449 indul
979 3381 1178 3472 Mapyaror·

1 3505 2 3518 ¹
524 3491 650 3579 aadpba.
670 3494 765 3556 1308.

156 3647 207 3719 Dc
233 3654 415 3718 armationo
441 3653 579 3717 duarum
605 3652 775 3735 galearum
798 3671 858 3736 pro
884 3651 1020 3716 instanti
1035 3649 1180 3716 transitu

51 3759 81 3826 in
107 3760 293 3844 Vagarinm
319 3761 507 3826 Reuerendi
533 3760 637 3844 patris
658 3760 781 3824 domini
802 3757 944 3824 Gentilis
959 3758 1051 3824 tituli
1068 3757 1181 3824 Sancti

1 3911 2 3946 3
51 3864 188 3935 Martini
216 3871 250 3934 in
266 3868 437 3934 Montibus
448 3867 628 3970 Prcsbiteri
639 3866 837 3933 Cardinabis
852 3867 885 3929 in
901 3865 1016 3949 Regno
1033 3865 1181 3949 Vugarie

51 3977 245 4062 Apostolicc
262 3976 358 4042 Sedis
375 3975 505 4058 Legati.
520 3973 599 4043 XV.
616 3974 732 4040 Martii
748 3972 808 4042 VI.
825 3971 1019 4037 indictionis.

156 4159 192 4221 (A
208 4159 291 4222 ἠως.
304 4155 456 4220 Δηςίοἱηὶα
480 4157 510 4204 Β.
540 4159 597 4204 171.
611 4170 647 4206 az.
661 4153 728 4218 Reg.
752 4154 851 4203 Karoli
872 4151 907 4202 11.
921 4157 949 4201 et
961 4151 1079 4202 Roberti
1104 4151 1182 4200 kdte·

51 4230 123 4280 tenor
138 4234 181 4280 25.
196 4232 249 4283 lev.
253 4268 261 4293 ,
271 4245 304 4278 aa
318 4229 393 4278 olasa
406 4228 461 4276 kir.
475 4228 584 4279 Grande
598 4226 787 4276 Archivioban
801 4224 989 4290 Napolyban.)

90 4637 192 4675 uomr·
215 4635 299 4674 RUNG.
316 4633 384 4671 fflfl'l'.
404 4633 470 4668 ACTA
486 4637 529 4651 ···“
546 4635 606 4669 HT·
623 4633 641 4668 In
