3234 5238
415 323 459 401 48
769 327 1184 397 orrcounozmrnuulrnnn.

412 515 503 580 beret
520 513 684 580 Serenites
700 512 826 580 Nostra
843 513 1034 577 concedere:
1062 509 1262 576 Excellentie
1279 514 1401 580 Nostre
1418 512 1522 611 placer,

415 629 448 689 vt
471 624 691 688 trumbatores
715 623 803 707 ipsos
830 642 892 686 rna
918 643 989 684 cum
1013 619 1205 684 marescallo
1237 619 1356 686 debeas
1391 621 1523 688 retinere.

418 729 593 796 Proconem
625 738 733 797 autem
759 751 822 795 non
848 729 909 794 tibi
935 727 1159 809 concedimue;
1183 750 1255 792 oum
1281 728 1430 794 videatur
1452 729 1524 795 inde-

409 859 505 920 -cens,
524 841 610 920 quod
636 841 668 903 in
694 847 783 904 terra
813 837 915 920 Regis
941 836 1087 920 Vngarie
1113 857 1283 920 preconem
1308 839 1409 904 elium
1432 838 1526 916 habes,

420 966 519 1028 quam
536 953 570 1012 et
586 948 663 1030 ipse.
681 944 763 1012 (lum
780 952 811 1009 et
827 967 886 1010 nos
904 966 966 1008 uon
995 944 1259 1026 substineremus,
1283 945 1370 1029 quod
1397 947 1429 1010 in
1453 953 1527 1011 terra

419 1060 531 1120 nostra
546 1076 716 1138 preconem
733 1053 869 1118 haberet
885 1052 993 1132 alium,
1010 1051 1070 1117 nisi
1088 1073 1155 1117 nos.
1181 1053 1226 1117 Et
1240 1059 1416 1138 propterea
1440 1055 1528 1118 risun
1596 1120 1602 1148 1

420 1183 484 1226 non
502 1169 552 1226 est
567 1163 659 1229 nobis
676 1163 879 1240 conueniens,
896 1159 955 1225 tibi
980 1181 1151 1243 preconem
1178 1160 1353 1227 concedere
1380 1161 1529 1247 supradic
1596 1153 1602 1199 ἕ

421 1277 500 1336 tum.
516 1271 749 1337 Mereecallum
769 1271 866 1335 etiam
892 1290 1048 1352 equorum
1075 1271 1215 1352 petitum
1239 1291 1298 1353 per
1321 1276 1355 1335 te
1382 1269 1424 1335 ad
1450 1269 1531 1355 gagio
1597 1256 1603 1326 Ὗ

423 1383 539 1443 nostra
554 1379 614 1443 tibi
631 1379 847 1444 necessarium
865 1375 1077 1442 concedimus.
1103 1377 1185 1441 Cum
1211 1400 1269 1461 pro
1295 1385 1327 1442 te
1353 1385 1475 1460 tuaque
1497 1376 1533 1442 lu·
1596 1371 1604 1508 l

423 1486 516 1551 milia
532 1508 689 1571 expensas
706 1486 744 1552 de
761 1483 861 1551 Curia
877 1491 987 1550 nostra
1003 1485 1125 1550 habeas
1142 1484 1320 1565 ordinatae,
1336 1492 1369 1551 et
1385 1509 1456 1552 cunr
1480 1486 1533 1550 via·

424 1596 510 1677 gium
528 1601 628 1674 tuum,
645 1595 837 1674 marescalli,
853 1599 887 1657 et
902 1593 1040 1658 aliorum
1066 1593 1354 1676 stipendiariorum
1364 1602 1534 1660 nostrorum

424 1703 601 1768 accelerari
616 1706 742 1770 Nostra
757 1703 931 1786 plurimum
949 1699 1117 1766 Celsitudo
1133 1701 1313 1767 desideret:
1330 1703 1485 1784 volumus,
1507 1709 1534 1764 rt

427 1833 521 1896 quam
539 1810 634 1876 citius
650 1813 770 1893 poteris
787 1832 859 1875 curn
876 1809 941 1874 illis
959 1809 1108 1875 adeundo
1125 1809 1275 1891 festines3
1293 1811 1372 1892 quia
1388 1817 1454 1875 tam
1470 1816 1503 1874 tu
1512 1815 1538 1873 et

426 1920 475 1985 illi
491 1919 629 2003 possetis
646 1919 678 1982 iu
695 1919 842 2002 partibus
858 1917 928 1981 istis
943 1918 1073 1997 morari,
1089 1916 1175 2000 quod
1199 1923 1308 2001 preter
1335 1939 1432 2002 quam
1458 1917 1537 1983 eritis

426 2029 460 2092 in
477 2027 635 2110 Vngaria,
650 2027 741 2092 vobis
767 2047 904 2109 expense
931 2025 1114 2090 deficerent.
1141 2025 1187 2088 Et
1211 2031 1385 2110 propterea
1409 2048 1473 2092 non
1499 2031 1537 2090 est

427 2137 514 2217 utile,
531 2127 617 2220 quod
633 2157 756 2201 moram
772 2136 912 2201 trahatis
939 2134 1084 2216 aliquam
1109 2135 1277 2200 adeumdo.
1309 2131 1432 2201 Datum
1463 2131 1537 2219 apud

428 2245 551 2309 Lacum
568 2243 733 2308 Pensilem
751 2244 803 2306 die
819 2241 919 2308 XIV.
936 2241 1081 2326 Augusti
1097 2240 1138 2310 V.
1155 2242 1354 2308 indictionis,

536 2366 710 2434 Guillelmo
726 2370 875 2435 Bruuelli
891 2369 987 2434 militi
1004 2369 1193 2436 marescallo
1214 2370 1497 2454 stipendiariorum
1511 2369 1540 2433 iu

430 2474 614 2560 Vngeriam
631 2478 790 2542 iturorum
807 2478 928 2560 scripte
945 2485 1019 2542 sunt
1035 2478 1145 2541 littere
1162 2478 1293 2560 similes,
1310 2499 1406 2560 quam
1432 2479 1541 2562 scripte

432 2585 564 2650 fuerunt
579 2585 708 2652 daoobo
725 2587 764 2650 de
784 2587 944 2652 Bursono.

539 2766 574 2826 (A
591 2768 894 2837 »Registridngioiniaer
921 2771 953 2818 A.
980 2771 1021 2817 25.
1047 2785 1083 2817 uz.
1112 2767 1194 2832 »Rem
1223 2769 1320 2818 Keroli
1347 2770 1387 2818 1.«
1413 2766 1542 2818 totototo]

435 2857 492 2906 151.
507 2858 561 2907 lev.
574 2874 580 2921 ;
593 2873 620 2907 u.
635 2861 673 2918 o.)

916 3039 1073 3047 ——-

970 3276 1023 3339 52.

437 3431 465 3498 I.
491 3433 617 3520 Kdroly
643 3433 772 3502 sicilici.
796 3437 977 3523 kirollynolo
1007 3439 1174 3503 rcndeleter'
1205 3463 1273 3503 earn
1300 3461 1388 3525 serry
1419 3394 1539 3504 edoma

672 3545 677 3554 ⁴
842 3543 1038 3632 tu‘rpyu‘ban,
1058 3549 1150 3612 1277.

548 3723 574 3788 1.
592 3723 755 3808 Scriptum
773 3731 822 3789 est
839 3725 1003 3788 Balduino
1020 3725 1061 3790 de
1077 3725 1225 3791 Oleriaoo
1242 3725 1361 3791 Erario
1387 3723 1544 3811 stipendia·
1605 3749 1608 3770 ⁴

436 3831 559 3896 riorum
577 3832 735 3898 iturorum
751 3833 784 3896 iu
800 3832 983 3916 Virgari‘am
1000 3839 1059 3898 etc.
1520 3829 1524 3834 ’
1606 3773 1608 3912 l

545 3955 658 4042 (Quod
674 3959 789 4042 viginti
806 3959 1023 4042 stipendiariis
1039 3958 1079 4022 de
1095 3960 1246 4025 comitiva
1270 3959 1389 4027 Jacobi
1415 3960 1453 4024 de
1476 3959 1545 4024 Bur·
1606 3983 1608 4050 l

438 4088 516 4131 sono
533 4085 691 4150 expensas
707 4089 777 4130 non·
789 4066 890 4132 tardat
906 4066 1041 4148 aliquos,
1058 4067 1119 4130 nisi
1137 4072 1178 4132 60
1199 4067 1312 4132 uncins
1338 4071 1410 4133 auri
1437 4068 1544 4133 solutes
1606 4069 1608 4148 l

438 4175 505 4239 illis
522 4175 612 4258 prius
628 4175 766 4258 recipiat
786 4174 828 4239 ab
853 4175 981 4239 eisdem.
1012 4171 1076 4239 Sed
1102 4175 1190 4240 dicto
1217 4173 1400 4259 capitaneo
1430 4177 1544 4254 eiusque
1606 4181 1608 4242 3

441 4283 583 4348 familiae
600 4303 758 4367 expensas
783 4283 875 4350 iuxta.
901 4284 1091 4348 mandatum
1117 4284 1355 4351 subministret.
1380 4283 1546 4366 Iniuugitur
1606 4293 1608 4362 ξ

441 4390 556 4472 eidem¹
571 4391 656 4474 quod
673 4394 785 4458 uncias
804 4398 866 4458 100
877 4392 957 4472 auri,
974 4413 1056 4474 quas
1073 4392 1115 4457 ab
1141 4391 1386 4460 Archidiacouo
1411 4389 1544 4459 Aurelia-
1606 4461 1608 4464 ,

443 4497 534 4562 nensi
551 4497 584 4561 in
600 4508 723 4566 secreto
745 4502 887 4584 recipiet,
919 4500 1092 4584 diligenter
1124 4507 1300 4583 conservet,
1332 4503 1405 4570 illes
1433 4522 1492 4568 nou
1519 4496 1545 4558 i11
1607 4499 1608 4508 ’
