3234 5238
608 345 701 412 127⁷.
1163 341 1206 410 48

90 522 396 608 Manfredonia,seu
413 523 610 604 Portulanis,
626 531 661 588 et
676 524 750 607 alijs
775 525 909 588 statutis
933 544 1028 608 super
1059 524 1208 590 custodia

91 637 203 713 portus
219 631 322 713 ipsius
338 629 449 711 Terre,
464 630 551 716 quod
567 631 628 716 ipsi
643 631 735 698 iuxta
751 631 967 715 prouisionem
977 637 1011 696 et
1025 631 1208 713 requisitio-

92 758 163 802 nem
178 745 271 804 tuam
288 743 484 822 permistant
499 739 625 822 onerarj
644 745 678 804 et
693 738 821 826 extrahj
838 739 971 806 ordeum
996 760 1055 824 pro
1080 761 1209 805 annona

91 865 247 926 equorum
264 845 401 912 militum
416 847 646 935 deputatorum
662 869 734 913 cum
749 847 876 914 Jaooho
893 847 933 913 de
949 846 1098 914 Bursono
1123 848 1208 914 itum

92 949 271 1038 Capitanco
288 954 331 1020 ad
354 961 465 1038 partes
488 953 645 1040 Vngarie,
668 977 707 1022 ac
731 977 886 1040 equorum
910 954 1076 1039 Guillelmj
1102 955 1208 1022 Brun·

91 1061 178 1148 nellj,
204 1070 238 1128 et
252 1062 404 1128 millitum
430 1086 469 1130 ac
492 1065 726 1150 armigerorum
752 1086 860 1130 secum
883 1065 1122 1150 deputatorum,
1150 1085 1209 1131 nec·

92 1191 156 1234 non
173 1169 459 1253 stipendiariorum
476 1178 658 1238 nostrorum
675 1169 718 1238 ad
733 1177 843 1256 partes
873 1173 961 1256 ipsas
992 1192 1063 1238 cum
1095 1170 1207 1238 eodem

90 1276 273 1361 Capitaneo
289 1278 456 1363 iturorum,
479 1284 611 1364 recepta
636 1301 656 1345 a
680 1287 713 1348 te
740 1279 780 1346 de
804 1279 1012 1366 requisitione
1022 1286 1057 1345 et
1081 1283 1206 1345 extrao-

89 1387 176 1452 tione
192 1385 379 1452 huiusmodi
394 1387 485 1454 ordei
501 1387 544 1453 ad
560 1388 609 1453 sui
624 1389 785 1454 cautelam
800 1387 928 1473 ydonee
944 1385 1103 1472 apodixa:
1120 1387 1207 1452 volu·

90 1515 160 1560 mus
176 1499 210 1560 et
224 1495 284 1562 tihi
300 1495 437 1562 firmiter
461 1496 671 1581 precipiendo
696 1496 896 1580 mandamus,
926 1501 1085 1578 quatenus
1116 1517 1210 1580 pecu·

89 1602 185 1684 niam,
195 1625 295 1687 quam
311 1625 370 1687 pro
380 1603 529 1670 facienda
540 1604 699 1672 solutione
715 1603 936 1689 stipendiariis
952 1604 1070 1670 uostris
1080 1603 1114 1669 in
1125 1603 1211 1672 Mel·

26 1791 28 1799 Ι
89 1710 166 1795 phia
191 1711 395 1778 morantibus
426 1712 578 1796 expedire
609 1711 739 1795 videris,
769 1713 910 1778 discreto
940 1711 1010 1777 viro
1041 1711 1208 1794 Magistro

88 1817 267 1885 Guillelmo
282 1819 428 1903 Buccellj
454 1818 573 1886 dilecto
605 1821 731 1901 clerico,
762 1817 958 1886 Consiliario
989 1827 1023 1885 et
1053 1818 1207 1885 familiari

88 1931 210 2006 nostro,
225 1927 399 1994 exhibitori
423 1929 617 2017 presentium
648 1927 801 1994 exhibeas
831 1935 864 1994 et
895 1929 1052 2012 assignes,
1082 1932 1209 1992 retenta

92 2038 202 2098 tamen
219 2034 309 2118 prius
324 2036 508 2119 quantitate
523 2037 656 2120 pecunie
672 2057 769 2121 penes
788 2043 821 2102 te
837 2058 896 2121 pro
911 2034 1109 2120 perficienda
1124 2034 1208 2104 solu·

87 2143 175 2207 tione
191 2142 347 2226 predictis
363 2144 585 2230 stipendiarijs
600 2146 633 2210 in
666 2145 846 2229 Vngariam
870 2144 1071 2230 profecturis,
1096 2143 1207 2210 stetim

90 2270 149 2332 pro
165 2248 371 2334 expeditione
386 2253 480 2318 istius
495 2254 615 2338 negotij
633 2259 714 2338 aput
730 2253 985 2321 Manlridoniam
1004 2251 1121 2319 debeas
1136 2273 1208 2336 per·

91 2359 248 2426 sonaliter
264 2367 297 2427 te
314 2362 468 2429 conterre.
494 2362 545 2430 De
571 2365 719 2432 ducentis
744 2372 850 2432 autem
874 2364 977 2448 vncijs
993 2363 1065 2430 auri
1091 2361 1206 2429 solutis

92 2489 147 2550 per
163 2473 196 2532 te
212 2469 418 2536 thesaurario
432 2471 520 2538 ituro
537 2471 571 2537 in
589 2472 771 2556 Vngariam
789 2495 860 2540 cum
887 2472 1068 2558 Capitaueo
1095 2491 1207 2554 supra-

9 2569 11 2640 }
92 2573 186 2659 dicto,
200 2581 332 2660 repetas
347 2583 381 2644 st
399 2579 539 2663 recipias
564 2581 606 2648 ab
631 2581 747 2648 eodem
772 2581 976 2650 thesaurario
1002 2578 1109 2646 vncias
1135 2579 1207 2646 auri

10 2701 12 2786 J
92 2689 229 2765 centum,
245 2684 353 2752 solues
370 2687 469 2752 etiem
484 2689 583 2771 gagia
596 2689 701 2758 tribus
717 2689 885 2772 armigeris
917 2688 1116 2754 morantibus
1133 2708 1205 2754 cum

10 2829 11 2844 2
92 2787 232 2858 Girardo
249 2792 290 2858 de
308 2791 458 2860 Morlauo
483 2795 570 2864 ituro
596 2817 669 2864 cum
694 2795 873 2882 Capitoneo
898 2797 1095 2882 supradicto.
1121 2795 1206 2862 Item
1263 2851 1270 2870 .

94 2896 252 2966 Ramardo
278 2900 318 2964 de
352 2901 472 2968 Palem
496 2903 658 2990 Magistro
684 2905 934 2974 Bahstariorum
958 2905 1103 2972 euntium
1133 2924 1205 2970 cum

94 3005 200 3071 eodem
216 3006 399 3090 Capitaueo
415 3008 524 3076 solues
542 3012 650 3078 vncias
667 3014 737 3080 auri
752 3035 808 3080 sex
825 3015 858 3080 in
878 3015 943 3080 suis
959 3014 1062 3098 gagiis
1078 3031 1205 3094 compu-

94 3112 205 3178 tandis.
221 3113 309 3180 Item
325 3135 385 3199 pro
400 3119 492 3199 equis
508 3119 652 3184 eiusdem
667 3119 784 3188 Jacobi
800 3122 951 3188 Bursono
968 3142 1089 3205 sueque
1114 3118 1205 3186 lami-

93 3220 140 3302 lie‚
154 3244 193 3288 ac
207 3223 444 3306 armigerorum
459 3224 499 3292 de
517 3249 574 3294 suo
591 3229 729 3314 hospitio
746 3231 810 3296 alia
827 3231 980 3296 victualia
996 3229 1125 3296 extrahi
1142 3249 1206 3294 non

94 3331 268 3416 permictas,
284 3331 346 3397 nisi
362 3353 425 3416 que
442 3332 502 3398 sibi
517 3355 670 3403 concessa
686 3343 763 3404 sunt
787 3359 845 3421 per
862 3347 990 3406 nostras
1006 3339 1139 3405 lictores
1155 3357 1206 3402 ex-

94 3437 256 3520 trahenda,
282 3440 345 3504 nisi
370 3447 498 3507 tantum
531 3466 592 3528 pro
617 3447 709 3530 equis
734 3468 790 3514 sex
815 3448 953 3515 militum
978 3447 1206 3534 deputatorum

94 3546 253 3630 cumipse,
271 3553 304 3611 ct
321 3569 380 3631 pro
407 3550 498 3634 equis
522 3550 744 3635 predictorum
768 3556 1055 3640 stipendiariorum
1079 3561 1206 3624 nostro·

94 3671 157 3716 rum
173 3653 311 3720 ordeum
326 3658 454 3723 extrahi
470 3661 614 3743 patiaris.
632 3659 721 3728 Bene
737 3685 864 3746 quoque
880 3663 1060 3748 prouideas,
1076 3686 1116 3730 ne
1132 3686 1204 3732 cum

93 3760 243 3844 vassallis,
256 3783 329 3827 cum
347 3764 464 3847 quihus
480 3766 587 3832 dictus
607 3766 808 3853 Capitaneus
825 3779 858 3838 et
883 3773 1086 3860 stipendiarij
1113 3771 1205 3839 naui·

91 3868 190 3953 gaturj
208 3877 314 3950 amnt,
330 3873 542 3939 extrahantur
558 3875 625 3941 alia
641 3878 802 3960 victualia,
820 3901 918 3963 quam
932 3903 971 3946 ea
987 3903 1047 3965 que
1058 3882 1204 3966 superius

92 3980 160 4041 sunt
174 3999 338 4061 expressa.
352 3979 399 4045 Et
414 3980 587 4066 diligenter
604 3985 766 4069 inspicias,
783 3989 811 4052 si
832 3988 1036 4074 stipendiarij
1063 3988 1145 4054 bene
1172 3995 1205 4056 et

92 4083 283 4152 sufficienter
298 4089 414 4155 muniti
430 4089 494 4156 sint
510 4093 602 4175 equis
618 4099 651 4158 et
668 4095 766 4160 armis
797 4099 974 4181 oportunis,
999 4119 1058 4163 nec
1086 4099 1204 4182 stipen-

92 4189 198 4278 diarijs
213 4194 294 4278 ipsis
309 4195 477 4262 solutionis
493 4197 595 4266 facias
626 4202 904 4287 complementum,
930 4226 1096 4290 quousque
1120 4207 1204 4290 ipso-

92 4319 156 4365 rum
172 4323 272 4386 equos
302 4302 422 4371 videris
447 4306 480 4370 in
505 4308 657 4391 vassallis,
683 4311 731 4376 vel
762 4313 847 4395 quod
872 4314 934 4397 ipsi
951 4314 1073 4382 vadant
1102 4315 1205 4382 fueris

94 4402 168 4474 hene
182 4415 298 4476 certus.
314 4408 456 4495 Quod-si
472 4414 588 4500 aliquis
606 4417 742 4485 voluerit
758 4421 837 4504 quin
852 4421 948 4490 vadat
973 4425 1133 4511 resistere,
1157 4433 1204 4519 ip·

94 4533 157 4580 sum
173 4516 274 4584 facias
290 4521 456 4606 arrestari,
473 4545 637 4609 quousque
653 4528 824 4610 pecuniam
839 4552 897 4614 per
922 4534 1027 4618 ipsum
1043 4546 1207 4624 receptam
