3170 5234
400 323 464 390 1ea
750 338 986 384 nrrnouaczmr
1002 325 1171 384 uunnsnm

400 499 616 567 Consiliorum
632 502 666 562 11
682 494 871 562 Communis
887 493 1114 575 Venetiarum
1131 517 1169 562 ac
1185 497 1315 562 nomine
1331 498 1465 563 omnimn
1479 501 1504 562 et

399 606 602 690 singularum
627 625 841 689 personarum
858 602 1071 673 Venetiarum
1088 609 1120 668 et
1134 603 1313 670 Districtus
1330 609 1367 670 et
1380 603 1506 674 Domini

398 713 622 794 venetiarum,
643 734 703 794 pro
720 711 837 794 quibus
854 711 1001 776 omnibus
1018 718 1051 776 et
1068 711 1203 794 singulis
1219 713 1368 795 promisit
1383 714 1421 778 de
1435 721 1505 796 rato,

398 820 477 886 fecit
492 818 597 898 finem,
613 817 850 900 liberationem,
868 818 1106 899 quietationem
1124 825 1157 882 et
1172 819 1303 901 plenam
1313 821 1504 888 securitatem

400 928 464 1011 ipsi
480 926 612 990 domino
628 924 768 990 Nicolao
784 926 913 989 nomine
930 931 963 989 11
978 927 1045 990 vice
1062 925 1283 1009 predictorum
1299 927 1471 994 Potestatis
1484 937 1507 995 et
1570 915 1571 926 ¹

402 1034 589 1100 Communis
607 1031 744 1097 Sibinici
765 1033 947 1114 stipulanti,
972 1054 1029 1097 seu
1046 1033 1165 1097 eisdem
1183 1033 1358 1118 Potestati,
1373 1033 1507 1102 Consiliis

402 1147 437 1206 et
451 1140 636 1205 hominibus
653 1137 789 1204 Sibinici
807 1139 846 1202 de
861 1139 933 1222 ipsa
951 1161 1075 1204 summa
1091 1141 1250 1206 librarum
1267 1135 1506 1226 octingentarum

403 1270 462 1334 pro
488 1247 602 1311 vltima
626 1266 713 1330 paga
740 1253 770 1310 et
794 1247 907 1312 vltimo
938 1247 1077 1312 termino
1095 1247 1277 1331 complente
1293 1255 1327 1314 et
1342 1250 1509 1334 perficiente

405 1355 527 1420 dictam
552 1375 711 1419 summam
736 1354 895 1418 librarum
920 1354 1063 1436 quinque
1080 1356 1224 1436 millium,
1250 1363 1284 1420 11
1300 1359 1509 1440 omnibusque

404 1463 572 1528 occasione
604 1461 767 1526 dictarum
791 1462 1048 1544 octingentarum
1074 1461 1231 1527 librarum
1255 1465 1323 1548 peti
1348 1466 1510 1548 potuissent

404 1570 454 1634 vel
471 1575 614 1652 possent,
640 1568 702 1633 sibi
719 1568 814 1652 plene
832 1570 974 1634 solutum
992 1568 1509 1654 111111111111111111111111,1111-

405 1677 492 1740 ciens
508 1676 549 1740 de
567 1676 715 1741 eislibris
726 1676 931 1758 octingentis,
947 1683 979 1739 11
989 1677 1148 1756 omnibus,
1166 1699 1228 1760 que
1238 1700 1351 1744 earum
1362 1681 1509 1746 occasione

404 1784 474 1868 peti
497 1785 679 1866 patuissent
703 1783 753 1847 vel
779 1789 918 1865 possent,
945 1783 1031 1847 dicto
1056 1784 1186 1849 domino
1204 1785 1344 1852 Nicolao
1361 1787 1511 1871 stipulanti

407 1889 536 1956 nomino
562 1891 723 1955 dictorum
740 1890 929 1971 Potestatis,
955 1887 1170 1955 Consiliorum
1190 1899 1224 1957 11
1242 1891 1430 1960 Communis
1444 1893 1510 1958 Sibi-

406 1996 481 2079 nici,
507 2018 562 2062 seu
587 1997 707 2061 eisdem
734 1997 909 2078 Potestati,
942 1995 1096 2062 Consiliis
1121 2006 1154 2063 et
1179 1999 1360 2068 hominibus
1385 1999 1513 2076 Sibinici,

350 2133 352 2136 ·
406 2109 541 2187 pactum
556 2104 684 2169 firmum
712 2111 746 2169 et
768 2111 962 2188 perpetuum
977 2105 1017 2169 de
1035 2104 1171 2188 amplius
1187 2129 1252 2172 non
1268 2109 1415 2192 petendo.
1448 2107 1513 2172 Pro

407 2211 539 2276 mittens
564 2213 697 2294 insuper
721 2213 808 2282 idem
834 2212 981 2280 dominus
997 2211 1073 2278 Dux
1099 2216 1227 2280 nomine
1243 2217 1428 2300 supradicto
1443 2216 1512 2280 dicto

408 2320 539 2385 domino
555 2319 695 2386 Nicolao
711 2321 930 2403 predictorum
945 2321 1136 2405 Potestatis,
1165 2322 1303 2389 Consilii
1319 2324 1512 2389 othoninum

409 2425 548 2493 Sibinici
560 2430 689 2492 nomine
700 2427 878 2512 recipienti,
894 2429 1073 2512 stipulanti,
1083 2431 1315 2496 interuenienti
1326 2431 1514 2515 stipulatione

409 2534 576 2618 solempni,
585 2541 768 2618 presentem
777 2536 1383 2621 finemlibertationem,quietationem‚
1392 2543 1514 2623 pacton,

409 2641 623 2708 securitatem
640 2643 726 2706 omni
742 2648 889 2725 tempore
905 2651 997 2711 ratas
1014 2650 1046 2709 11
1062 2651 1137 2710 1111
1152 2643 1284 2727 habere,
1300 2642 1515 2714 etinuiolabili·

409 2757 461 2815 ter
479 2749 656 2814 obseruare
681 2755 714 2814 et
739 2748 846 2815 facere
862 2751 1039 2831 obseruari,
1056 2773 1114 2816 nec
1131 2758 1245 2818 contra
1261 2753 1372 2836 aliquo
1387 2761 1514 2835 tempore

410 2857 520 2922 facere
545 2856 596 2920 vel
615 2857 724 2922 venire
751 2879 811 2941 per
835 2879 870 2923 se
887 2859 1050 2939 antelios,
1076 2880 1149 2924 cum
1165 2861 1364 2944 obligatione
1379 2861 1516 2927 bonorum

411 2962 601 3030 Communis
616 2962 841 3034 Venetiarum.

519 3071 593 3155 Ego
609 3072 802 3139 Bonencasa
828 3075 867 3139 de
885 3072 1020 3153 Chetiis,
1046 3074 1215 3160 Imperiali
1231 3076 1416 3143 auctoritati
1432 3069 1517 3136 Nota

412 3181 480 3245 rius
506 3185 538 3242 11
563 3179 709 3244 Ducatus
727 3181 943 3249 Venetiarum
969 3181 1085 3248 Scriba
1110 3184 1267 3266 predictis
1283 3183 1420 3264 interfui,
1443 3187 1472 3244 et
1486 3196 1517 3240 et

414 3291 554 3368 rogatus
571 3285 697 3368 scripsi,
713 3292 747 3352 et
763 3286 796 3352 in
812 3287 976 3370 publicam
991 3287 1130 3354 sormam
1145 3290 1267 3374 redegi.

526 3463 562 3524 (A
575 3466 713 3516 velenczei
734 3467 915 3534 kiizts'trsasag
930 3467 1031 3534 »Copie
1044 3471 1077 3519 de
1092 3471 1333 3522 Commemoriali‹
1344 3471 1429 3521 11111111
1441 3465 1520 3516 allam·

413 3553 545 3620 kcnyben
557 3556 579 3606 1.
593 3555 652 3606 ket.
668 3561 727 3608 322.
742 3557 807 3620 lev.)
