3244 5236
788 383 1023 430 nmnousezmr
1046 369 1214 430 nunnunn.

961 641 1038 733 sss

402 869 404 873 Α
455 833 558 919 Lajos
586 833 698 919 bolqdr
714 834 841 918 terozeq
858 831 974 896 Robort
990 830 1116 896 sieiliot'
1131 829 1316 916 kirdlynat
1332 829 1546 894 edvardbom

952 939 1049 1004 1338.

538 1116 706 1184 Robertus
731 1122 791 1182 eto.
825 1113 1052 1182 Thesourariis
1080 1121 1140 1182 eto
1165 1113 1319 1180 fidelitati
1335 1117 1445 1179 vestre
1462 1115 1576 1198 preci-

434 1229 551 1310 pimus,
579 1209 740 1308 quoten'ds
757 1221 936 1308 Spectabiii
953 1224 1111 1308 Lodoyoo
1135 1221 1204 1288 filio
1220 1221 1333 1291 Incliti
1349 1221 1580 1305 Imperatoris

435 1333 597 1418 Buigsrie
622 1333 734 1417 nepoti
761 1337 873 1398 nostro
900 1331 1068 1400 carissimo
1093 1333 1137 1398 ad
1168 1354 1226 1397 nos
1257 1329 1383 1415 pridem
1415 1330 1580 1411 venienti,

435 1463 530 1526 quem
556 1443 590 1506 in
606 1441 762 1506 cometus
777 1445 891 1506 nostre
908 1439 1111 1524 prouidimus
1127 1446 1338 1519 moraturum,
1364 1439 1479 1503 uncias
1495 1440 1575 1504 euri

436 1548 473 1614 X
489 1548 646 1633 ponderis
661 1530 822 1631 gdneralis
838 1568 945 1613 mense
962 1547 1110 1632 quolibet
1119 1547 1154 1612 in
1164 1547 1325 1631 principio
1336 1549 1469 1630 mensis,
1488 1567 1578 1632 quas

437 1659 466 1721 ei
492 1676 552 1740 pro
580 1657 730 1739 expensis
756 1654 822 1722 suis
847 1661 881 1720 et
904 1652 1026 1720 familie
1044 1676 1101 1722 sue
1117 1675 1226 1723 mense
1243 1654 1389 1738 quolibet
1405 1676 1510 1740 usque
1526 1654 1577 1720 ad

436 1761 675 1847 beneplacitum
701 1761 901 1847 prouidimus
917 1762 1064 1828 exhiberi
1081 1764 1121 1828 de
1136 1784 1329 1848 quoeunque
1347 1764 1490 1848 pecunia
1508 1768 1578 1829 eto,

438 1870 565 1936 soluere
582 1878 615 1937 et
632 1871 784 1937 exhibere
800 1873 928 1952 curetis
953 1877 987 1938 et
1002 1871 1167 1956 recipiatis
1183 1871 1226 1937 ab
1242 1893 1280 1938 eo
1297 1871 1414 1937 exinde
1432 1872 1578 1956 singulis

438 1977 563 2044 uicibus
589 1979 757 2063 apodixas.
796 1977 920 2045 Datum
945 1977 1087 2064 Neapoli
1111 2001 1198 2044 anno
1223 1978 1356 2044 Domini
1381 1979 1439 2046 Μο
1465 1976 1578 2046 ΟΟΟ’

439 2082 664 2152 XXXVIII⁰
679 2086 732 2152 die
748 2083 842 2152 ΧΠῦ
858 2085 977 2152 mensis
992 2085 1017 2150 J
1019 2086 1147 2170 anusrij
1165 2083 1227 2155 Vi.
1242 2085 1438 2152 indictionis.

549 2263 584 2322 (Δ
600 2265 740 2332 »Registri
753 2265 904 2331 Angioini»
919 2266 953 2317 Η.
968 2272 1028 2318 279.
1042 2281 1078 2318 sz.
1091 2267 1160 2333 neg.
1174 2267 1290 2318 Boberti
1301 2267 1335 2318 R.
1348 2266 1499 2322 ketetebol
1514 2273 1573 2317 1⁰9.

442 2368 495 2416 ev„
513 2369 540 2404 u.
552 2353 588 2420 ο.)

927 2533 1084 2544 -——-—-

978 2767 1054 2830 356.

704 2925 828 3010 Bolqdr
843 2925 987 3012 kduetse'y
1004 2925 1197 2992 Sieiliribon.
1223 2930 1319 2993 1338.

552 3137 594 3149 -
606 3139 649 3150 -
666 3101 712 3166 Et
727 3101 847 3167 Boolos
863 3101 938 3165 Lau
953 3108 985 3165 et
1000 3103 1095 3168 sociis
1111 3105 1180 3168 eius
1196 3109 1317 3187 sepiem
1333 3107 1462 3170 nunciis
1479 3106 1570 3190 Spec-

446 3210 559 3277 tabilis
576 3210 801 3295 Imperutriois
818 3209 976 3291 Bulgarie
1002 3209 1154 3276 redituris
1173 3211 1216 3277 od
1232 3211 1369 3277 eundem
1385 3212 1570 3298 Imperatri·

447 3340 525 3398 oem,
552 3340 633 3400 quus
659 3319 704 3383 eis
730 3340 789 3402 pro
806 3317 955 3401 expensis
972 3324 1006 3383 et
1022 3319 1218 3403 equitaturis
1235 3341 1346 3384 eorum
1362 3319 1510 3403 gratiose
1524 3342 1568 3388 ex·

447 3425 554 3491 hiberi
579 3425 778 3508 providimus
803 3461 1386 3478 ----------
1402 3429 1497 3496 vneie
1513 3450 1567 3496 ser.

447 3530 488 3600 V.
504 3531 632 3617 Aprilis
650 3533 708 3602 VI.
724 3533 921 3600 indictionis.

556 3709 592 3779 (A
617 3713 754 3779 »Registri
773 3715 922 3782 Angioini‹
943 3715 974 3766 Β.
988 3719 1047 3766 314.
1068 3731 1105 3767 sz.
1118 3716 1184 3782 Beg.
1199 3714 1315 3766 Roberti
1329 3716 1360 3765 lt.
1374 3714 1518 3766 kotsteuol
1530 3717 1562 3763 65.

447 3804 500 3853 lev.
514 3819 520 3867 ;
533 3816 560 3854 u.
574 3803 612 3864 o.)
