3222 5240
429 386 494 451 296
782 401 1017 448 nmuonaozmr
1033 390 1201 450 nmirum.

430 561 544 628 ciendo
559 580 670 627 eorum
689 559 863 628 vindictam
879 569 994 630 eontra
1010 562 1123 645 dictos,
1149 560 1206 644 qui
1222 583 1277 628 eos
1294 559 1539 644 damnificarent,

429 670 477 734 ire
504 669 555 734 vel
580 667 713 733 mittere
729 689 788 752 per
803 674 908 735 terras
924 670 974 735 rel
991 674 1158 736 contratas
1176 690 1297 750 eorum,
1322 669 1410 754 quod
1425 670 1499 754 ipsis
1513 669 1544 733 li-

428 777 507 843 bere
525 776 573 842 ire
591 781 625 841 et
640 775 750 841 redire
767 778 970 860 permittant.

536 954 572 1021 (A
587 955 696 1007 ›misti‹
711 956 801 1007 ozimii
815 955 954 1006 velenozei
967 955 1195 1020 allamkunyvbdl
1204 957 1333 1010 xvmm.
1345 959 1388 1008 43.
1399 955 1460 1023 lev.)

967 1375 1040 1435 307.

429 1531 545 1606 Robert
570 1530 697 1594 siciliai
722 1528 904 1616 kirdlpaok
929 1554 1010 1596 ozon
1037 1532 1138 1617 lajolo
1160 1532 1377 1618 felazereldao't
1402 1533 1542 1619 tdrpyozd

467 1637 637 1717 rendelete,
653 1637 774 1722 melpalr
790 1638 907 1704 Robert
923 1639 1049 1724 Kdroly
1065 1639 1286 1725 azolqdlatciro
1303 1640 1505 1705 lottldetnelro

667 1745 935 1831 mapparorazcipi
952 1757 1194 1831 tenperpartra.
1224 1743 1313 1809 1332

539 1918 707 1985 Robertus
722 1919 786 1986 Dei
803 1921 912 2003 gratia
929 1920 1114 1987 Jerusalem
1130 1926 1163 1987 et
1180 1917 1291 1986 Sicilie
1307 1919 1380 1984 Rex
1397 1927 1456 1986 etr.
1480 1919 1543 1984 Rio-

430 2026 519 2092 cario
546 2025 586 2091 de
612 2025 725 2111 Stella,
749 2027 923 2112 Raynaldo
950 2027 990 2093 de
1015 2027 1147 2112 Reeeyo
1173 2027 1298 2110 Magne
1323 2034 1435 2092 nostre
1460 2027 1544 2092 Curie

285 2191 301 2206 .
429 2133 669 2216 Rationalibus,
695 2142 729 2201 et
745 2133 876 2218 Angelo
893 2135 933 2200 de
949 2136 1072 2218 Melfia,
1097 2135 1336 2219 Thesaurarijs²
1354 2132 1544 2216 Consiliarijs

431 2246 465 2307 et
480 2241 698 2309 familiaribus
714 2244 836 2309 nostris
851 2248 911 2322 eto.

538 2349 710 2415 Fidelitati
734 2355 841 2416 vestre
865 2351 1071 2434 precipimus,
1098 2354 1257 2433 quatenus
1282 2347 1457 2415 Gualterio
1473 2347 1540 2414 Siri-

428 2455 529 2538 pandi
546 2455 586 2521 de
601 2455 744 2540 Neapoli
759 2456 866 2536 militi,
884 2459 1039 2540 magistro
1056 2456 1214 2522 hostiario
1231 2461 1265 2520 et
1279 2455 1433 2522 familiari
1441 2460 1539 2520 nostro

428 2564 538 2628 vnoias
555 2563 628 2628 auri
643 2562 735 2632 XVI
750 2569 783 2628 et
809 2571 941 2630 tarenos
957 2563 1032 2629 XX
1048 2564 1202 2648 ponderis
1227 2563 1401 2647 generalia,
1426 2583 1542 2628 oonaer·

427 2669 544 2736 tendas
568 2691 626 2753 per
642 2691 714 2735 eum
730 2690 789 2754 pro
806 2677 900 2754 parte
917 2668 1015 2736 Curio
1031 2676 1142 2735 nostre
1157 2671 1191 2736 in
1208 2673 1403 2754 emptionem
1418 2671 1543 2737 bisoooti

428 2778 649 2844 cantariorum
664 2784 792 2844 eentum
809 2779 961 2863 oportuni
977 2801 1037 2862 pro
1053 2781 1265 2863 companagio
1276 2799 1482 2863 personarum
1491 2798 1540 2842 na-

428 2885 541 2968 rigare
566 2884 756 2949 debentium
781 2886 913 2951 nouiter
929 2886 962 2950 in
979 2886 1082 2967 galeis
1099 2882 1199 2950 (lurie
1215 2889 1327 2950 nostre
1344 2885 1475 2951 armatis
1489 2903 1541 2966 pro
1595 2879 1598 2928 ἒ

427 2992 514 3058 felici
539 3012 668 3057 accessu
693 2990 803 3056 Incliti
828 2991 929 3076 Regis
945 2991 1091 3075 Vngarie
1117 2992 1157 3056 de
1174 2993 1324 3076 Vngaria
1356 2993 1389 3060 in
1405 2992 1539 3074 Regnum

427 3099 470 3164 ad
495 3099 657 3164 rationem
682 3096 723 3163 de
748 3098 871 3164 tarenis
893 3100 1036 3182 quinque
1051 3120 1111 3182 pro
1130 3098 1277 3180 quolibet
1293 3099 1437 3165 canterio
1452 3099 1536 3181 ipsius
1597 3159 1598 3162 ,

425 3206 569 3286 biscooti,
594 3204 634 3270 de
662 3226 855 3289 quacunque
879 3206 983 3271 fiscali
1000 3206 1138 3290 pecunia
1154 3206 1306 3271 existenti
1323 3211 1356 3269 et
1371 3203 1476 3270 sutura
1490 3223 1539 3287 per

426 3333 541 3378 manus
558 3316 685 3378 vestras
703 3317 736 3378 in
754 3311 893 3380 (lamera
908 3319 1022 3380 nostra
1039 3313 1166 3378 soluere
1182 3312 1350 3392 studeatis,
1373 3318 1408 3378 et
1423 3311 1536 3394 recipia-

425 3421 468 3484 tis
494 3420 535 3484 ab
561 3441 598 3484 eo
625 3420 741 3486 exinde
767 3421 951 3504 apodixem.
997 3419 1122 3486 Datum
1148 3419 1291 3502 Neapoli
1318 3439 1403 3484 anno
1419 3415 1533 3485 Domini

425 3523 714 3594 MOCOXXXII.
731 3529 784 3594 die
800 3527 920 3598 VIIII.
937 3526 1137 3593 Nouembris
1152 3525 1257 3609 prime
1274 3525 1465 3591 indictionis.

537 3707 574 3768 (A
589 3708 671 3773 »Beg.
686 3707 836 3772 Angioinir
853 3713 914 3758 284.
927 3725 967 3760 sz.
978 3711 1039 3775 Reg
1051 3707 1169 3761 Roberti
1181 3707 1214 3758 R.
1229 3707 1287 3758 utt.
1303 3711 1328 3756 9.
1342 3707 1410 3768 lev.;
1433 3720 1462 3756 az
1475 3705 1531 3754 olam

427 3799 480 3848 kir.
495 3799 606 3850 Grande
619 3797 808 3850 Archivioban
821 3800 1007 3865 Napolyban.)

919 4082 1074 4094 ι-υ-ι-η
