3244 5236
436 383 501 445 372
800 395 1033 442 ourionnczrar
1050 382 1217 440 antheus.

434 563 492 623 aut
522 556 674 640 aliqualis
706 555 870 621 iudicandi
894 575 952 626 seu
976 553 1157 638 exequendi
1184 552 1325 618 facultas
1348 552 1486 620 attribui
1507 552 1545 617 rel

432 663 567 748 acquiri.
592 663 638 728 Et
671 664 748 745 quia
781 685 836 729 ros
868 660 991 728 domini
1022 661 1211 746 supradicti,
1242 661 1297 745 qui
1323 683 1379 728 vos
1403 660 1545 744 presentis
1596 647 1600 652 ’

434 793 531 840 cause
547 772 795 838 commissarios
811 792 867 838 seu
894 771 1075 855 Delegatos
1100 768 1217 850 dicitis,
1232 790 1295 834 nou
1312 769 1448 833 attentis
1458 767 1546 832 causis

435 886 468 946 et
486 879 672 946 raciouibus
689 878 890 962 prescriptis,
906 899 989 961 quas
1005 879 1088 944 alias
1114 885 1148 942 at
1172 877 1250 943 alibi
1276 877 1309 941 in
1338 877 1436 941 vestri
1452 875 1547 939 absen-

434 988 494 1069 cia,
511 988 589 1071 quia
606 1009 661 1052 vos
677 987 810 1052 comode
826 992 860 1052 et
875 987 944 1052 sine
960 985 1102 1069 periculo
1130 984 1222 1050 adire
1248 1007 1310 1050 non
1335 984 1435 1067 potui,
1450 1004 1546 1067 propc-

434 1096 492 1174 sui,
508 1094 669 1178 publicari
685 1101 720 1160 et
735 1095 885 1178 apellari,
902 1115 955 1162 vos
971 1092 1075 1158 dictas
1093 1092 1345 1158 Commissiones
1361 1093 1394 1155 in
1426 1089 1548 1174 preindi·

433 1203 518 1267 cium
542 1209 576 1267 et
590 1223 765 1286 gravamen
797 1203 999 1268 dominorum
1030 1224 1172 1268 meorum
1203 1202 1359 1286 Magistri
1376 1207 1408 1264 et
1422 1198 1546 1264 fratrum
1601 1199 1602 1204 ’

435 1309 657 1394 predictorum
689 1333 727 1376 ac
750 1312 813 1375 mei
830 1333 941 1377 eorum
974 1312 1101 1377 nomine
1133 1309 1343 1394 suscipientes
1374 1307 1547 1374 admisistis

433 1439 553 1502 easque
568 1421 601 1482 in
618 1417 855 1484 detraccionem
871 1418 956 1485 fame
967 1417 1288 1501 Magistri,Fratrum
1300 1424 1333 1481 et
1343 1415 1473 1484 Ordinis
1488 1435 1548 1498 pre

432 1527 593 1610 pictorum
618 1527 651 1591 in
676 1526 827 1592 Ecclesia
853 1525 1061 1593 Oracoriensi
1078 1533 1111 1592 et
1126 1526 1205 1593 alibi
1241 1525 1368 1610 publice
1384 1513 1478 1589 Olera
1492 1521 1547 1604 legi

433 1653 471 1698 ac
502 1634 621 1718 populo
651 1634 814 1717 publicari
845 1629 976 1714 lecistis,
1007 1635 1200 1718 permisistis
1216 1641 1249 1698 ct
1272 1640 1380 1698 ratum
1396 1629 1548 1709 habuistis,

435 1741 602 1806 occasione
618 1762 728 1806 earum
746 1741 836 1807 vobis
869 1740 1126 1806 iurisdiccionem
1151 1740 1190 1806 de.
1205 1740 1293 1806 facto
1320 1737 1466 1818 indebite,
1481 1739 1547 1822 qnia

433 1848 472 1911 de
489 1848 559 1912 iure
571 1869 633 1913 non
651 1849 796 1931 potestis,
812 1848 1019 1932 usurpando,
1036 1851 1069 1915 in
1085 1851 1154 1933 ipsa
1171 1870 1270 1914 causa
1286 1847 1465 1931 proceditis,
1492 1844 1548 1910 rul-

431 1953 474 2022 tls
492 1964 522 2021 et
539 1955 648 2020 dicitis
665 1977 721 2022 ros
738 1957 818 2022 velle
835 1956 1018 2040 procedere,
1034 1965 1067 2023 et
1094 1957 1140 2022 sic
1155 1963 1359 2022 transactum
1375 1954 1544 2038 sollempni·

431 2071 482 2130 ter
498 2087 537 2130 ac
553 2063 757 2130 concorditer
787 2065 914 2129 finitum
940 2067 1108 2150 negocium
1132 2073 1312 2130 retractare
1328 2063 1504 2147 disponitis,
1517 2066 1544 2124 et

432 2174 516 2238 riam
533 2173 631 2239 vultis
647 2173 800 2256 periuriis
817 2173 976 2256 apperire.
986 2171 1000 2235 l
1005 2172 1112 2237 dcirco
1122 2172 1196 2256 Ego
1206 2174 1231 2241 J
1232 2173 1351 2238 acobus
1367 2177 1545 2254 procurator

431 2279 636 2363 supradictus
652 2279 847 2344 constitutus
863 2300 973 2345 coram
983 2279 1082 2362 vobis,
1092 2279 1346 2362 appellacionem
1363 2277 1441 2344 alias
1456 2280 1544 2342 inter-

430 2388 571 2469 positam
602 2389 727 2466 innovo,
759 2394 791 2452 et
822 2408 862 2452 ex
887 2387 993 2451 causis
1017 2387 1183 2469 premissis
1208 2392 1242 2452 et
1274 2385 1419 2469 qualibet
1444 2405 1544 2451 earum

431 2493 568 2575 aliisque
586 2515 643 2559 suo
668 2494 739 2558 loco
755 2503 787 2558 et
802 2501 947 2577 tempore
972 2493 1199 2577 proponendis.
1231 2491 1385 2559 Senciens
1410 2492 1544 2558 dominos

430 2619 518 2664 meos
534 2601 731 2682 Magistrum
748 2608 780 2666 et
795 2599 915 2666 fratres
941 2600 1122 2685 sepedictos
1139 2601 1281 2669 indebite
1297 2607 1331 2666 et
1347 2603 1464 2668 iniuste
1479 2623 1544 2683 gra-

430 2714 532 2791 vatos,
548 2709 664 2772 timens
680 2709 782 2774 eciam
808 2709 1029 2774 verisimiliter
1053 2729 1107 2774 eos
1124 2716 1156 2774 et
1172 2731 1223 2774 me
1239 2731 1351 2775 eorum
1367 2711 1490 2776 nomine
1504 2709 1546 2771 in·

431 2822 598 2899 posterum
628 2815 702 2898 plus
735 2816 874 2896 guarini.
900 2836 920 2878 a
936 2815 1035 2901 vohis,
1052 2818 1169 2881 restris
1185 2816 1467 2901 iurisdiccionibus,
1483 2837 1546 2882 exe-

430 2923 652 3006 quucionihns,
668 2922 880 3006 processibus
895 2924 1139 3005 gravaminibus
1164 2924 1273 3005 illatis,
1288 2929 1488 2992 comminatis
1503 2926 1546 2992 rel

428 3032 531 3096 eciam
560 3028 744 3112 inferendis,
770 3029 812 3095 ad
844 3017 1093 3096 Sanctissimuiu
1104 3030 1237 3098 Patrem
1264 3041 1296 3098 et
1311 3033 1484 3101 Dominum
1499 3056 1546 3098 no-

429 3146 534 3204 strum
549 3137 713 3204 dominum
739 3137 953 3204 Benedictum
979 3138 1147 3206 Summum
1173 3139 1373 3225 Pontificem,
1391 3151 1423 3209 et
1440 3143 1481 3208 ad
1497 3141 1547 3208 Se·

428 3244 502 3310 dem
518 3246 744 3329 Apostolicam
769 3247 803 3310 in
819 3247 882 3311 hiis
900 3248 1029 3331 scriptis
1061 3270 1197 3332 provoco
1222 3256 1253 3314 et
1273 3251 1415 3335 appello,
1431 3252 1546 3316 nomine

427 3355 654 3436 procuratorio
671 3376 735 3438 quo
752 3376 861 3438 supra,
877 3361 911 3420 et
927 3357 1057 3422 nomine
1072 3359 1215 3424 omnium
1224 3357 1320 3423 dietis
1330 3355 1466 3425 dominis
1477 3360 1547 3426 meis

429 3460 668 3546 adherentium,
700 3485 756 3528 seu
788 3462 944 3530 adherere
976 3466 1162 3549 roleucium,
1192 3487 1230 3531 ac
1261 3469 1391 3532 nomine
1412 3467 1545 3532 omnium

427 3591 567 3652 quorum
583 3571 719 3636 interest
735 3570 930 3636 submittens
955 3578 988 3636 et
1013 3571 1197 3655 subponens
1214 3572 1360 3641 dominos
1377 3598 1474 3657 meos,
1491 3583 1547 3640 sta·

425 3687 504 3759 tum,
522 3680 607 3746 bona
625 3687 657 3744 et
683 3679 754 3743 iura
771 3701 881 3744 eorum
907 3701 979 3744 cum
1007 3682 1156 3746 omnibus
1173 3683 1219 3747 eis
1235 3682 1467 3751 adherentibus
1484 3703 1547 3768 pre

425 3785 563 3850 teccioni
580 3783 675 3850 Sedis
691 3789 720 3851 A
726 3788 889 3869 postolice.
906 3789 952 3852 Et
968 3789 1133 3872 apostolos
1159 3790 1258 3855 michi
1273 3799 1305 3856 et
1321 3790 1460 3857 dominis
1476 3791 1547 3855 meis

426 3891 553 3958 avobis
586 3890 695 3957 traddi
728 3902 760 3958 et
791 3895 922 3960 concedi
954 3904 1029 3978 peto
1054 3897 1158 3980 primo
1183 3898 1323 3964 secundo
1339 3905 1372 3965 et
1387 3902 1497 3979 tercio,
1520 3907 1547 3962 et

426 3998 544 4066 iterum
562 4006 595 4063 et
612 4021 683 4065 cum
699 4001 857 4068 instancia
874 4012 949 4086 peto
982 4010 1174 4070 reverenter.
1202 4004 1287 4073 Acte
1305 4015 1380 4073 sunt
1396 4008 1454 4072 hec
1471 4027 1547 4074 anno

424 4129 533 4172 mense
550 4107 602 4171 die
618 4109 701 4173 hora
718 4109 786 4173 loco
804 4111 1005 4177 Pontificatu
1022 4113 1187 4196 predictis.
1203 4113 1547 4182 Presentibusrenera·

423 4213 544 4279 bilibus
561 4224 706 4298 patricus
722 4224 754 4282 et
773 4217 910 4284 dominis
926 4219 951 4286 J
953 4221 1080 4286 anizlao
1112 4222 1369 4308 Archiepiscopo
1387 4224 1547 4291 Gneznen·

424 4322 461 4404 si,
492 4330 525 4386 et
555 4321 709 4390 ‹lohanne
751 4327 915 4409 Episcopo
948 4327 1182 4395 Pounaniensis
1217 4331 1452 4412 Ecclesiarum,
1483 4353 1544 4396 cun

426 4430 618 4509 quibusdam
638 4434 857 4498 Ecclesiarum
885 4457 1014 4501 suarum
1043 4437 1232 4519 Canonicis3
1264 4448 1297 4504 et
1328 4439 1546 4505 ClericisMa·

424 4537 530 4620 gistro
548 4539 678 4605 Mathia
702 4540 953 4626 Archidyacono
978 4541 1164 4611 Ploczensis
1188 4545 1346 4627 Ecclesie,
1362 4545 1546 4614 Nicolaoiu
