3244 5236
347 334 412 394 376
701 345 935 391 nrrcouaczmr
953 333 1122 390 1111111111.

346 509 398 588 sis,
415 527 551 572 necnon
568 507 689 570 fratres
706 505 785 570 dieti
802 503 935 570 Ordinis
951 505 1174 589 predictorum
1190 509 1224 570 et
1240 505 1380 570 aliorum
1397 502 1481 568 locc-
1584 539 1585 542 π

345 637 417 682 rum
442 614 589 700 parcium
612 612 845 697 predictarum,
872 613 927 696 qui
943 621 1022 678 tune
1037 619 1132 678 eraut
1147 633 1219 678 cum
1235 612 1344 678 valido
1359 618 1393 678 et
1410 611 1481 678 hos

344 721 397 790 tili
412 723 556 789 exercitu
570 728 604 788 et
619 721 745 789 vexillis
761 725 887 808 erectis,
901 723 1018 789 timore
1033 721 1096 788 Dei
1113 721 1278 807 posposito
1293 727 1328 788 et
1343 720 1484 806 dyabolo

348 827 515 914 suadente,
538 830 690 914 Regnum
711 829 848 896 Polonie
865 830 1077 914 deuastando,
1092 829 1258 896 Ecclesias
1272 829 1426 896 videlicet
1442 827 1483 894 dc

349 936 467 1018 Nakel,
483 937 657 1021 deWarta,
668 937 708 1004 de
722 935 860 1022 Szadek,
870 939 910 1004 de
920 936 1134 1022 Baldrzicow,
1144 937 1184 1003 de
1195 937 1317 1022 Congu,
1330 937 1371 1002 de
1387 934 1482 1020 Slupr

352 1047 393 1112 de
427 1045 616 1128 Pobediscz,
636 1046 677 1112 de
708 1045 870 1131 Oaczewo,
901 1068 960 1114 nec
990 1068 1055 1113 uon
1084 1045 1239 1113 Fratrum
1264 1045 1431 1112 Minornm
1448 1049 1484 1108 et
1587 1031 1592 1041 ¹

356 1153 598 1222 SancteCrucis
613 1156 647 1220 in
656 1156 756 1223 Pisdr
767 1156 843 1239 igne
853 1155 1076 1238 incenderunt,
1085 1163 1120 1222 et
1128 1155 1250 1223 ablatis
1260 1175 1319 1238 per
1335 1175 1388 1219 eos
1404 1151 1483 1217 inde

355 1264 508 1348 primitus
533 1264 637 1346 libris,
679 1262 843 1344 calicibus,
868 1263 1041 1345 thesauris,
1066 1270 1099 1328 et
1117 1264 1190 1329 aliis
1212 1263 1368 1346 depositis
1384 1260 1492 1326 dicta-

356 1392 429 1438 rum
447 1370 687 1456 Ecclesiarum,
702 1390 759 1438 eas
784 1393 856 1438 cum
873 1371 1071 1456 sanctuarijs
1088 1378 1120 1436 et
1137 1375 1324 1437 sanctorum
1339 1368 1495 1451 reliquiis

357 1485 392 1544 et
416 1478 623 1564 ymaginibus
638 1480 769 1564 penitus
785 1481 1029 1547 combuxerunt
1044 1478 1172 1545 Idcirco
1189 1476 1352 1562 predictos
1368 1475 1497 1541 fratres

359 1583 598 1652 Theodorioum
608 1586 649 1652 de
665 1586 856 1672 Aldenburg
865 1587 1065 1672 Magistrum
1081 1583 1276 1653 Generalem
1292 1585 1501 1664 nominatim,

359 1716 399 1760 ao
424 1694 714 1762 Commendatores
730 1704 763 1762 ct
778 1696 955 1763 aduocatos
971 1717 1010 1762 ac
1026 1696 1148 1762 iratres
1163 1695 1241 1762 dicti
1257 1691 1393 1760 Ordinis
1408 1692 1498 1758 loco·
1584 1776 1590 1792 ὁ

360 1825 432 1868 rum
456 1811 490 1869 et
514 1804 658 1889 parcium
684 1805 915 1889 predictarum,
934 1810 969 1872 at
988 1825 1195 1889 quoscunque
1211 1804 1300 1886 alios,
1316 1801 1372 1885 qui
1388 1800 1500 1866 dictas

360 1909 526 1980 Ecclesiae
550 1913 773 1996 incenderunt,
799 1922 832 1979 et
857 1915 1098 1996 combuxerunt,
1123 1917 1156 1978 et
1172 1932 1308 1995 quorum
1325 1909 1501 1975 occasione

363 2019 492 2086 incense
517 2027 551 2085 et
575 2019 747 2088 combuxte
766 2021 907 2102 fuerunt,
923 2022 1120 2088 auctoritate
1138 2017 1336 2104 Apostolica
1351 2016 1446 2084 nobis
1465 2017 1503 2081 in

363 2127 425 2194 hac
449 2135 544 2212 parte
570 2131 740 2196 commissa
760 2130 993 2197 denunciamus
1009 2129 1073 2214 hijs
1090 2130 1219 2213 scriptis
1239 2125 1503 2193 excommunica·

364 2243 426 2316 tos,
450 2257 490 2300 ac
515 2256 574 2318 per
598 2236 779 2322 Episcopos
805 2245 838 2304 et
862 2237 1015 2305 Prelatos
1040 2243 1075 2303 et
1089 2237 1315 2303 Ecclesiarum
1330 2233 1500 2299 Rectores

365 2342 548 2412 Oiuitatum
564 2351 596 2409 et
626 2344 814 2412 Diocesium
844 2343 1056 2427 Oneanensis,
1087 2343 1317 2425 Poznanensis‚
1349 2339 1503 2410 Wladis-

364 2451 530 2530 lauiensis,
546 2449 713 2518 Plccensis
730 2457 763 2519 et
778 2452 1017 2537 Oraoouiensis,
1033 2474 1072 2518 ac
1088 2451 1300 2532 Lubucensis,
1324 2449 1507 2515 Wratisla·

369 2557 492 2623 niensis
518 2567 551 2624 et
575 2559 768 2642 Culmensis,
785 2561 846 2627 sub
878 2581 963 2645 pena
981 2559 1198 2644 suspensionis
1213 2558 1256 2624 ab
1287 2573 1396 2625 eorum
1427 2555 1507 2622 offi-

369 2665 438 2750 cijs,
453 2661 487 2730 iu
512 2665 668 2752 Ecclesijs
689 2667 756 2732 suis
773 2668 887 2734 diebus
919 2667 1090 2734 dominicis
1103 2674 1137 2732 et
1152 2666 1288 2749 lestinis,
1303 2666 1379 2732 dum
1396 2687 1506 2750 popu·

370 2773 419 2838 lus
436 2775 479 2841 ad
494 2774 620 2841 Diuine
637 2776 834 2857 conuenerit,
850 2775 1040 2842 mandamus
1056 2773 1184 2859 publice
1209 2774 1375 2854 nunciati3
1406 2771 1508 2839 abso·

370 2881 497 2948 lucione
512 2881 655 2966 ipsorum
671 2884 785 2950 fratris
807 2882 1006 2951 Theoderici
1016 2881 1262 2966 deAldcnburg
1279 2881 1442 2966 Magistri,
1461 2905 1507 2947 ac

372 2987 680 3057 commendatorum
696 2998 728 3057 et
747 2992 886 3058 fratrum
902 2990 1130 3076 predictorum,
1145 2999 1178 3058 et
1188 2990 1327 3057 aliorum
1336 2988 1507 3056 dictarum

371 3097 594 3166 Ecclesiamm
610 3098 885 3167 incendiariorum
901 3099 979 3166 Sedi
1005 3097 1193 3184 Apostolice
1209 3097 1433 3165 tantummodo
1449 3119 1509 3164 re·

372 3213 513 3288 seruata,
530 3207 693 3292 predictos
708 3208 916 3293 Magistrum,
933 3207 1221 3275 Oommendatores
1237 3215 1270 3273 et
1286 3205 1406 3272 iratres
1416 3205 1512 3276 loco·

372 3336 444 3380 rum
460 3323 493 3382 et
508 3317 655 3401 parcium
672 3315 893 3399 predictarum
918 3315 996 3381 dicti
1015 3315 1149 3384 Ordinis
1165 3317 1291 3382 Domus
1307 3314 1411 3380 Beate
1426 3311 1512 3379 Ma-

374 3422 422 3487 rie
438 3421 712 3490 Theutouiccrum
729 3424 768 3490 de
785 3423 923 3490 Prussia
940 3423 982 3491 ad
999 3423 1275 3491 reedificationem
1291 3421 1512 3488 ecclesiarum

374 3529 596 3613 predictarum
613 3553 671 3616 per
688 3553 743 3597 eos
769 3533 817 3597 vel
844 3533 1011 3598 occasione
1036 3534 1181 3617 ipsorum
1213 3529 1453 3597 destructarum
1475 3537 1514 3596 et

374 3638 629 3720 combuxtarum,
645 3646 677 3706 et
702 3638 745 3704 ad
771 3641 1012 3707 restitucionem
1036 3649 1068 3707 et
1085 3639 1348 3707 emendacionem
1365 3638 1513 3704 aliorum

374 3747 532 3814 bonorum
549 3747 761 3814 immobilium
778 3749 841 3832 hijs
858 3751 988 3833 scriptis
1015 3748 1256 3815 sentencialiter
1291 3747 1515 3831 condempna-

373 3877 454 3923 mus.
470 3855 628 3922 Preterea
644 3855 721 3939 quia
738 3863 865 3922 constat
880 3857 974 3922 nobis
990 3856 1165 3940 prehabito
1189 3855 1422 3922 informatione
1437 3853 1514 3938 ple·

376 3965 471 4052 naria
487 3971 520 4030 et
536 3962 685 4046 diligenti
701 3963 858 4048 predicta,
885 3987 924 4030 ex
950 3963 1116 4048 productis
1133 3973 1163 4031 ct
1180 3963 1330 4046 probatis
1346 3962 1516 4046 legittime

377 4081 409 4138 et
425 4072 570 4140 actitatis
587 4093 698 4138 coram
714 4072 806 4138 uobis
831 4094 871 4138 ex
897 4080 991 4157 parte
1009 4071 1086 4138 dicti
1113 4071 1234 4137 domini
1249 4070 1353 4154 Regis
1369 4067 1515 4137 Polonie

376 4181 410 4246 in
426 4201 526 4248 causa
542 4179 690 4264 predicta
706 4201 764 4263 per
780 4188 1023 4264 procuratorem
1039 4181 1142 4264 ipsius
1159 4179 1279 4246 domini
1294 4177 1408 4262 Regin,
1420 4177 1516 4260 quod

376 4296 463 4355 terre
495 4286 698 4367 Oulmensis,
729 4288 942 4369 Pomeranie,
974 4288 1273 4367 WladislauiensiS,
1311 4287 1516 4368 Bresleusis,

379 4393 594 4462 Dobrinensis
608 4403 640 4461 et
656 4395 1018 4478 bliuhalouicrrsiS,cum
1044 4398 1110 4463 suis
1137 4397 1345 4476 Ciuitatibus,
1371 4393 1518 4480 Castris,

381 4501 487 4588 opidis
504 4510 536 4568 et
552 4503 646 4584 uillis,
671 4511 703 4570 et
729 4505 795 4570 suis
807 4504 936 4588 juribus
967 4513 1001 4572 et
1024 4504 1233 4594 pertineueijs
1264 4505 1425 4572 uniuersis
1450 4507 1517 4576 site
