3170 5234
676 366 769 428 reos.
863 451 865 454 Ι
1216 366 1278 430 1e1

146 543 181 602 et
197 537 331 601 Donato
347 537 543 617 bombardo,
563 538 678 602 scribis
697 541 845 608 Ducatus
862 541 1016 624 eiusdem,
1043 549 1074 607 et
1090 544 1177 608 alliis
1194 543 1284 609 testi-

146 646 209 710 bus
235 644 361 709 vocatis
387 647 421 706 et
447 645 580 726 rogatis.
621 644 810 711 Constituto
830 669 940 711 corum
956 649 1136 730 Magnifieo
1153 651 1283 715 domino

147 750 254 814 Petro
282 749 504 829 Grandenico‚
529 752 594 815 Dei
618 754 731 834 gratia
747 753 969 834 Venetiarum,
993 757 1160 822 Dalmatis
1186 763 1286 842 atque

148 855 311 922 Obroatis
327 858 431 941 Duce¹
454 858 596 923 Domino
613 857 740 942 Quarto
757 860 871 925 Partis
897 867 928 923 et
944 861 1088 925 Dimidia
1105 866 1204 927 totius
1220 863 1287 928 Im-

150 965 236 1048 perii
248 966 419 1045 Romame,
436 967 537 1031 nobili
555 972 586 1031 et
603 967 739 1050 sapienti
761 970 830 1031 viro
849 968 980 1032 domino
992 967 1024 1031 N
1027 968 1131 1034 ieolao
1142 969 1289 1034 Bredani

152 1071 298 1152 Veneto,
314 1094 353 1138 ac
369 1079 499 1156 petente
516 1074 678 1138 instanter
696 1073 827 1138 nomine
843 1080 875 1137 et
891 1074 959 1139 vice
976 1073 1166 1156 Potestatis,
1190 1075 1212 1140 J
1217 1076 1288 1140 udi-

154 1289 369 1354 denariorum
385 1287 585 1356 Venetorum
608 1290 780 1372 ingressis,
798 1290 839 1352 ad
850 1291 1009 1354 rationem
1020 1289 1060 1353 de
1071 1291 1214 1355 denariis
1230 1292 1289 1356 tri-

155 1399 253 1480 ginta·
272 1397 396 1463 duobus
413 1419 472 1481 pro
490 1398 632 1478 quolibet
649 1417 772 1479 grosso,
788 1403 969 1480 aopetente
980 1398 1022 1463 ab
1033 1398 1147 1462 eodem
1157 1397 1287 1462 domino

153 1503 252 1570 Duce
278 1505 349 1570 fieri
374 1506 623 1569 instrumentum
648 1503 721 1568 finis
739 1511 772 1569 et
787 1504 985 1571 remissionis
1001 1505 1041 1569 de
1056 1505 1146 1570 dicta
1162 1527 1288 1572 summa

153 1613 227 1693 sibi,
240 1635 300 1678 seu
310 1611 404 1677 dictis
415 1611 588 1694 Potestati,
599 1607 771 1676 Communi
782 1617 814 1677 et
824 1612 1006 1679 hominibus
1018 1611 1164 1695 Sibinici,
1174 1619 1207 1677 et
1218 1613 1286 1677 ani·

152 1740 209 1785 mo
228 1716 417 1785 absoluendi
434 1718 537 1782 dictos
549 1717 751 1783 Potestatem
768 1723 800 1781 et
810 1717 988 1784 Commune
1005 1717 1047 1783 ab
1057 1719 1144 1784 omni
1161 1717 1286 1800 obliga·

152 1829 244 1892 tione
256 1847 296 1890 ac
307 1824 512 1889 fideiussoris
522 1825 681 1905 cautione,
698 1824 814 1906 quibus
825 1825 1048 1907 obligarentur
1057 1825 1214 1890 haetenus
1224 1847 1284 1908 pro

153 1933 288 2000 Comite
300 1929 442 2014 Georgio
451 1955 458 2012 ;
467 1931 535 2013 ipse
552 1930 700 1995 dominus
710 1930 787 1995 Dux
798 1931 926 1995 nomine
936 1953 1002 2013 suo,
1014 1929 1286 1996 consiliariorum

154 2039 298 2106 Consilii
308 2045 341 2104 et
352 2038 540 2105 Communis
549 2037 770 2115 Venetiarum,
787 2060 825 2102 ac
842 2039 1054 2122 singularium
1072 2059 1287 2122 personarum

154 2149 376 2216 Venetiarum
402 2152 435 2212 et
449 2146 630 2212 Districtus
652 2153 685 2210 et
700 2148 800 2212 totius
815 2146 948 2211 Domini
965 2146 1190 2229 Venetiarum,
1215 2169 1286 2211 con-

153 2261 281 2335 tentus
307 2251 472 2319 consessus
489 2260 521 2318 et
541 2255 731 2319 manifestus
748 2255 820 2335 fuit,
847 2277 879 2319 se
896 2254 1047 2320 habuisse
1064 2262 1097 2320 et
1114 2255 1284 2336 recepisse,

153 2371 187 2429 et
204 2365 241 2428 in
258 2383 291 2426 se
307 2360 428 2426 habere
447 2384 466 2425 a
482 2360 569 2426 dieto
586 2361 866 2426 dominoNicolao
884 2361 983 2426 dante
1001 2369 1033 2426 et
1050 2362 1198 2426 soluente
1215 2362 1285 2424 viee

154 2479 189 2538 et
205 2469 337 2535 nomine
354 2468 514 2533 (lictorum
530 2469 721 2549 Potestatis,
738 2467 876 2535 Consilii
893 2477 926 2534 et
944 2466 1131 2534 Communis
1149 2467 1284 2534 Sibiniei

153 2580 260 2644 libras
290 2575 494 2659 octingentas
521 2577 728 2642 denariorum
744 2577 950 2643 Venetorum
970 2597 1155 2658 grossorum
1172 2574 1214 2642 ad
1231 2576 1285 2640 de·

153 2688 269 2753 uarios
287 2685 423 2768 triginta
439 2684 519 2748 duos
535 2707 593 2768 pro
612 2684 759 2766 quolibet
776 2705 899 2767 grosso,
917 2684 1045 2749 debitas
1065 2691 1098 2748 et
1108 2684 1283 2766 promissas

152 2796 314 2860 hactenus
337 2813 396 2876 per
421 2792 551 2856 eosdem
575 2793 718 2873 Judices,
743 2791 890 2858 Consilia
914 2798 947 2856 et
971 2791 1116 2856 homiues
1140 2789 1286 2871 Sibinici,

155 2923 216 2968 seu
233 2923 293 2984 per
309 2921 421 2964 eorum
436 2900 640 2982 legiptimum
657 2900 824 2980 sindicum,
841 2900 1012 2965 soluendus
1029 2920 1088 2982 pro
1100 2898 1286 2964 vltimoter-

155 3011 247 3074 mino
265 3007 309 3072 ad
326 3008 500 3072 terminum
512 3005 624 3073 Sancti
634 3007 808 3082 Michaelis
824 3009 985 3090 presentis
1002 3007 1122 3071 mensis
1139 3003 1285 3088 Septem·

154 3117 228 3183 bris
244 3135 349 3198 nuper
364 3116 522 3197 preteriti,
548 3114 588 3179 de
605 3137 729 3180 summa
745 3114 902 3179 librarum
920 3115 1064 3197 quinque
1080 3111 1226 3192 millium,
1242 3111 1286 3176 ad

156 3223 313 3288 denarios
338 3222 477 3305 triginta
493 3221 574 3286 duos
591 3244 651 3305 pro
668 3221 811 3305 quolibet
827 3242 949 3305 grosso,
975 3219 1158 3285 debitorum
1174 3225 1208 3283 et
1224 3218 1287 3283 sol·

156 3329 352 3412 uendarum,
378 3352 433 3395 seu
453 3329 534 3394 solui
552 3334 584 3393 et
601 3330 674 3394 dari
690 3331 922 3412 promissarum
939 3349 997 3411 per
1012 3327 1177 3411 predictos
1193 3324 1287 3391 Judi-

157 3461 221 3521 ces,
233 3437 379 3502 Consilia
391 3442 422 3500 et
433 3433 611 3501 Commune
621 3435 757 3502 Sibinici
768 3434 1174 3519 occasionefideiussioniS,
1186 3454 1286 3516 quam

158 3545 308 3611 fecerunt
332 3545 487 3608 haetenus
503 3565 562 3627 pro
579 3543 706 3609 Comite
725 3541 867 3626 Georgio
884 3543 923 3608 de
940 3540 1091 3622 Almisio,
1117 3543 1285 3608 occasione

158 3654 354 3718 damnorum
378 3651 420 3715 ab
446 3673 484 3716 eo
502 3647 639 3731 Comite,
666 3673 722 3716 seu
747 3655 841 3734 gente
867 3649 935 3715 eius
950 3649 1117 3714 illatorum
1133 3649 1286 3714 subiectis

158 3760 284 3826 domini
299 3757 402 3823 Ducis
420 3765 454 3823 et
472 3757 659 3824 Communis
676 3757 899 3840 venetiarum,
926 3763 958 3822 et
975 3758 1144 3822 occasione
1160 3777 1286 3840 repres-

159 3867 318 3933 saliarum
335 3871 449 3929 contra
464 3865 630 3948 predictos
646 3864 789 3948 Judices,
815 3864 960 3931 Consilia
977 3870 1010 3928 et
1026 3862 1188 3929 Comitem
1204 3862 1288 3930 Sibi·

160 3975 227 4040 nici
253 3991 478 4038 concessarum
494 3993 552 4055 per
568 3969 745 4038 Commune
762 3972 976 4041 venetiarum
992 3970 1216 4036 occasionibus
1233 3994 1288 4036 an-

158 4079 308 4160 tedictis;
343 4078 383 4142 de
409 4099 475 4161 qua
490 4080 735 4162 prommissione
753 4087 786 4146 et
802 4080 999 4164 obligatione
1015 4084 1109 4144 extat
1124 4079 1289 4163 publicum

159 4189 414 4254 instrumentum
438 4209 524 4251 anno
540 4184 675 4252 Domini
700 4189 871 4255 millesimo
888 4189 1117 4253 trecentesimo
1135 4187 1288 4269 seeundo,

160 4294 338 4359 indictione
349 4293 463 4374 quinta
479 4294 612 4373 decima,
629 4295 680 4360 die
693 4296 808 4376 quinto
819 4295 844 4360 J
847 4296 922 4378 unii,
939 4295 998 4360 sub
1010 4296 1103 4379 signo
1115 4302 1147 4361 et
1159 4297 1288 4362 nomine

161 4399 185 4465 J
188 4401 327 4466 ohannis
339 4397 452 4484 Pugne
463 4402 628 4484 quondam
638 4403 817 4487 Laurentii,
836 4404 971 4470 Ducalis
991 4405 1062 4469 ouri
1072 4402 1288 4474 Venetiarum

164 4508 279 4588 scribe,
305 4507 496 4574 consectum.
535 4509 682 4595 Ideoque
707 4511 793 4576 idem
820 4511 969 4578 dominus
986 4513 1062 4578 Dux
1078 4515 1205 4582 nomine
1222 4533 1289 4581 suo.
