3244 5236
340 236 404 328 ‘398
687 253 923 328 nmnonsoz'mr
939 253 1109 326 sanuses.

329 460 405 504 suos
432 445 527 507 notos
555 443 588 504 et
611 442 743 524 amieos,
769 440 825 524 qui
844 419 997 508 continue
1013 439 1148 507 stabant
1162 444 1239 506 ante
1254 439 1472 524 conspectum

332 545 453 612 domini
463 545 574 631 Regis.
592 544 665 631 Que
681 548 791 614 omnia
804 548 1024 614 intelleximus
1040 547 1083 614 ad
1100 548 1238 633 plenum,
1255 553 1371 616 ettam
1391 568 1477 614 suas

331 652 460 720 litteras
476 675 574 740 qnam
591 653 682 724 dicta
697 677 793 739 nona,
809 656 899 725 etde
915 677 1027 724 eorum
1037 657 1285 723 transmissione
1301 639 1394 722 suem
1405 653 1476 722 sol-

331 761 534 829 licitudinem
559 764 833 833 commendamus.
872 765 920 831 Et
935 766 1014 848 quia
1028 765 1062 831 in
1079 764 1177 831 dictis
1194 763 1316 832 litteris
1334 763 1475 848 scripsit

332 891 386 934 ser
400 868 538 936 Marcus
554 869 752 955 Justinianc,
777 871 864 955 qnod
890 893 956 938 non
982 877 1093 938 tamen
1119 877 1296 956 propterea
1311 869 1474 937 credebat

333 999 393 1066 per
419 979 509 1046 dicta
533 1000 627 1060 nona,
652 999 715 1064 que
740 980 787 1046 eis
813 980 910 1045 sociis
925 979 1104 1066 scripserat
1118 977 1225 1046 dictus
1241 977 1368 1063 Comes,
1392 999 1474 1045 cnm

336 1085 444 1152 dictus
460 1085 578 1153 Comes
595 1108 671 1153 rsus
687 1089 730 1152 sit
745 1086 868 1153 talibus
885 1087 995 1154 verbis
1011 1094 1044 1153 et
1059 1087 1221 1172 operibus,
1246 1095 1280 1154 et
1305 1109 1363 1171 per
1377 1086 1469 1152 alias

332 1194 447 1277 plnres
462 1197 610 1261 rationes
625 1196 660 1260 in
676 1196 774 1262 dietis
791 1197 858 1261 suis
874 1196 993 1262 litteris
1003 1201 1187 1276 annotatos,
1202 1194 1290 1280 quod
1302 1195 1372 1260 Rex
1382 1198 1479 1259 esset

334 1301 396 1367 hoc
411 1322 497 1369 enno
513 1302 558 1368 ad
573 1302 634 1368 has
650 1309 763 1387 partes
778 1301 994 1386 proiecturus,
1010 1309 1045 1368 et
1059 1308 1235 1387 propterea
1251 1323 1344 1367 mors
1359 1322 1419 1367 sue
1435 1300 1476 1363 in

332 1409 480 1492 partibus
492 1409 559 1474 illis
570 1430 643 1475 enm
653 1410 881 1476 contrariabat
890 1409 1089 1494 multimode,
1099 1409 1346 1494 respondemus:
1364 1405 1471 1492 Quod

332 1516 504 1598 nescimus,
529 1518 557 1581 si
582 1516 688 1582 dietus
705 1514 823 1582 Comes
839 1515 1017 1602 Gregorius
1042 1529 1116 1584 vsus
1132 1519 1176 1584 sit
1190 1517 1312 1583 talibus
1328 1537 1388 1581 neo
1403 1537 1469 1594 ne;

332 1621 389 1686 sed
406 1624 434 1689 si
443 1624 516 1692 Rex
526 1625 658 1705 veniret,
673 1630 708 1690 vt
722 1626 790 1710 ipss
799 1625 873 1691 Rex
883 1627 1008 1706 scribit,
1019 1633 1054 1692 et
1062 1627 1162 1692 etium
1173 1625 1231 1691 alii
1243 1625 1331 1690 dicto
1341 1621 1468 1690 Comiti

334 1731 490 1812 scribunt,
506 1737 539 1799 et
554 1754 649 1798 nemo
665 1734 698 1798 in
715 1733 866 1817 portibus
881 1733 947 1800 illis
962 1741 1058 1817 esset,
1073 1733 1273 1800 neccessario
1290 1753 1349 1798 nos
1369 1752 1468 1816 opor·

332 1843 417 1904 teret
431 1838 560 1923 aliquos
574 1839 653 1904 illuc
668 1839 852 1920 destinare;
875 1848 1051 1927 propterea
1067 1863 1131 1907 non
1147 1842 1275 1908 videtur
1285 1840 1389 1918 nobis,
1405 1835 1467 1902 ba-

332 1945 484 2012 bentibus
508 1968 594 2014 noua
618 1947 776 2031 predicta,
807 1971 870 2034 que
895 1950 1060 2032 habemus,
1084 1948 1173 2033 quod
1196 1969 1274 2032 pars
1291 1949 1335 2012 sit
1350 1945 1460 2012 adbuc

333 2053 489 2120 redeundi
500 2053 672 2138 Venecias,
689 2055 828 2122 sedtam
843 2076 941 2141 super
956 2078 1015 2124 suo
1031 2056 1161 2124 redditu
1173 2057 1345 2137 Venecias,
1360 2073 1460 2138 quam

333 2162 578 2228 occurrentibus
594 2163 791 2248 inpartibus
807 2163 882 2244 illis,
897 2165 925 2228 si
942 2186 1008 2248 qua
1018 2164 1058 2230 de
1069 2184 1154 2230 nouo
1164 2168 1379 2245 occurrerent,
1396 2181 1461 2244 que

335 2268 522 2351 prouisione
547 2269 660 2353 aliqua
675 2271 726 2336 vel
741 2270 885 2337 remedio
900 2292 960 2356 pro
975 2271 1099 2337 honore
1115 2276 1227 2338 nostro
1244 2276 1278 2335 et
1293 2288 1466 2334 conserua·

334 2376 423 2441 tione
447 2383 635 2442 nostrerum
661 2383 827 2443 terrarum
852 2379 950 2444 celeri
963 2379 1165 2460 indigerent:
1190 2376 1381 2443 mandamus
1405 2375 1464 2456 eis,

335 2482 423 2565 qnod
448 2483 555 2549 adhuc
573 2487 706 2552 visitent
722 2486 827 2552 dictas
842 2491 951 2554 terras
965 2493 1106 2552 nostras.
1145 2486 1192 2552 Et
1207 2485 1338 2550 interim
1353 2483 1463 2549 sciant

333 2594 369 2654 et
382 2590 580 2675 investigent
596 2593 701 2659 modis
717 2594 875 2676 omnibus,
892 2594 1010 2677 quibus
1025 2599 1170 2678 possunt,
1187 2593 1227 2658 de
1243 2592 1384 2657 aduentu
1395 2590 1462 2656 Re·

333 2697 392 2778 gis,
409 2706 442 2763 et
458 2699 485 2763 si
502 2706 552 2765 est
567 2708 730 2784 venturus,
746 2708 780 2766 vt
795 2702 882 2767 dicte
898 2703 1009 2768 littere
1025 2703 1113 2768 dicto
1131 2699 1255 2766 Comiti
1270 2701 1463 2766 transmisse

332 2806 427 2888 plene
453 2808 635 2892 continent,
659 2810 748 2875 etde
765 2813 853 2877 omni
869 2832 917 2893 eo,
944 2811 1030 2895 quod
1047 2813 1094 2875 eis
1111 2809 1284 2890 videretur,
1309 2806 1396 2892 quod
1411 2805 1461 2870 fa-

334 2934 406 2976 oere
431 2914 623 2982 haberemus
639 2939 699 3002 pro
716 2919 964 2984 conserusoione
979 2916 1112 2983 honoris
1128 2918 1232 2982 nostri
1249 2922 1282 2981 et
1298 2921 1462 2982 terrerum

334 3021 564 3104 predictarum,
580 3028 613 3088 et
628 3029 745 3107 totum,
761 3026 849 3108 quod
864 3026 1057 3107 inuenerint,
1073 3025 1165 3091 nobis
1176 3044 1236 3108 per
1245 3041 1319 3088 suas
1327 3021 1462 3088 litteras

335 3129 477 3198 debeant
500 3131 655 3198 velociter
671 3132 849 3211 declarare,
874 3139 909 3198 vt
924 3132 1037 3200 habita
1052 3131 1283 3198 informatione
1299 3131 1341 3195 ab
1357 3130 1403 3194 eis
1421 3130 1462 3194 de

334 3237 493 3321 omnibuS,
518 3239 712 3323 adplenum
745 3240 921 3324 prouidere
949 3242 1119 3326 possimne,
1151 3241 1235 3306 sient
1259 3237 1462 3320 dictumest,

336 3345 425 3409 velut
450 3348 512 3411 erit
536 3369 693 3432 necessse,
718 3355 927 3432 expectentes
952 3353 1098 3417 attamen
1123 3369 1220 3433 snper
1239 3348 1286 3413 eis
1311 3351 1462 3412 nostrum

333 3452 533 3521 mandatum.

443 3651 476 3728 (A
493 3649 605 3717 »Mistir
621 3643 867 3719 ozimiivelenczei
882 3655 1112 3736 ellamkony'vbol
1128 3657 1203 3720 xiiis
1218 3656 1276 3718 iot
1292 3657 1334 3718 io.
1357 3655 1424 3731 leti.)

825 3941 830 3948 ¹
977 3949 979 3954 .

820 3957 981 3970 ——nfln
