3234 5238
394 273 436 344 50
749 279 982 338 succursum
1000 259 1166 335 nurdun'u'.

390 457 556 554 uelluset
572 454 630 518 alii
648 450 855 536 stipendiarii
872 453 1007 516 suntad
1023 455 1132 534 partes
1148 447 1345 531 Hungerise
1371 471 1432 534 pro
1456 472 1507 516 ser·

391 566 479 630 vitiis
495 563 598 644 Regis
616 560 781 627 destinati.
797 557 922 625 Datum
938 556 1114 643 utsupra.)

900 721 945 806 (⁰-
971 719 1014 804 ⁰·l

879 901 1039 908 ·---———··

932 1101 984 1161 53.

395 1229 426 1296 Ι.
460 1229 585 1315 Ko'roly
616 1225 741 1291 sicilici
774 1225 886 1310 lrirdly
916 1223 1040 1310 tenperc'
1072 1223 1164 1308 kajdc'
1195 1225 1227 1287 ds
1255 1225 1512 1312 mopyororsza'pi

624 1334 753 1420 itpyeire
769 1333 945 1398 ooucllcozd
962 1331 1178 1395 ictdzkedesei.
1197 1333 1283 1396 1277
1286 1378 1293 1393 .

503 1479 667 1562 Scriptum
683 1483 733 1540 est
748 1475 887 1540 Nicolao
904 1473 944 1538 dc
962 1471 1105 1540 Galiuuo
1121 1470 1161 1536 de
1177 1471 1301 1538 Ber-ulo
1318 1477 1378 1537 etc.

505 1587 665 1654 Volumus
682 1590 715 1649 et
730 1582 884 1647 fidelitati
901 1589 956 1646 tue
983 1580 1130 1645 districte
1157 1579 1368 1665 precipiendo
1395 1581 1515 1647 mauda-

400 1717 482 1778 mus,
499 1701 658 1777 quatenus
675 1692 788 1757 statim
804 1689 943 1773 receptis
961 1689 1167 1772 presentibus
1184 1709 1256 1754 cum
1265 1690 1381 1754 teridis
1396 1689 1517 1767 nostris,

401 1826 463 1886 que
480 1823 581 1884 nuper
598 1800 637 1864 de
654 1799 803 1880 Vngarie
818 1796 996 1875 redierunt,
1012 1817 1072 1860 uec
1087 1817 1152 1860 nou
1172 1795 1305 1860 Pesceli
1322 1795 1363 1861 de
1381 1793 1517 1862 Guarino

400 1909 617 1974 Prothontinc
634 1905 823 1984 Brundusii,
849 1911 882 1968 et
906 1904 1013 1988 galeis
1038 1903 1166 1983 nostris,
1192 1903 1279 1986 apud
1305 1903 1517 1968 Brundusium

401 2016 534 2081 studeas
550 2021 582 2078 te
599 2013 756 2091 conferre,
773 2033 812 2075 ec
828 2011 947 2076 abinde
964 2031 1037 2075 oum
1064 2010 1148 2074 vasis
1173 2011 1252 2093 ipsis
1278 2033 1343 2077 non
1370 2011 1519 2076 discedas.

400 2143 567 2208 quousque
583 2121 624 2187 ab
639 2120 844 2186 Excellentic
861 2117 988 2182 Nostra
1003 2118 1163 2200 receperis
1179 2117 1270 2182 eliud
1294 2121 1327 2184 in
1353 2119 1518 2198 mendatis,

400 2234 446 2298 Et
462 2253 535 2295 cum
551 2231 591 2294 de
607 2226 845 2293 conditionibus
878 2226 1033 2308 Vngarie,
1064 2232 1096 2290 et
1128 2227 1270 2308 qualiter
1299 2230 1389 2309 genti
1419 2233 1520 2292 nostre

402 2339 492 2404 cunti
509 2338 678 2419 adportes
695 2335 769 2399 illes
785 2354 859 2398 cum
874 2332 991 2398 tcridis
1019 2333 1141 2399 nostris
1172 2335 1327 2400 successit
1358 2336 1391 2399 in
1421 2335 1520 2418 viegio

402 2453 436 2511 et
452 2446 619 2524 descensu,
635 2442 810 2507 certificari
825 2441 977 2505 velimus:
993 2439 1101 2524 placet
1116 2441 1219 2522 nobis,
1234 2447 1269 2507 vt
1293 2442 1436 2524 aliquem
1450 2442 1520 2506 fide-

402 2554 466 2618 lem
482 2559 638 2633 nostrum,
654 2549 710 2633 qui
725 2555 831 2614 tecum
846 2550 892 2614 ibi
909 2547 1016 2630 suerit,
1032 2550 1227 2613 instructum
1243 2548 1283 2614 de
1310 2549 1467 2628 omnibus,
1482 2549 1521 2614 ad

404 2661 604 2744 presentiam
620 2663 765 2722 nostram
782 2657 893 2722 statim
911 2655 1077 2721 destinare
1093 2678 1266 2739 procures:
1282 2665 1317 2722 rt
1341 2679 1400 2741 per
1423 2658 1521 2741 ipsum

403 2770 444 2834 de
459 2767 524 2852 hijs
539 2767 700 2851 possimus
717 2763 845 2848 plenius
860 2764 1036 2829 informari.
1055 2763 1179 2829 Datum
1195 2763 1281 2846 epnd
1298 2765 1426 2832 Lacum
1445 2766 1518 2830 Pen

405 2876 498 2941 silem
513 2875 564 2939 die
579 2871 716 2943 XXVI.
733 2870 877 2954 Augusti
893 2868 935 2938 V.
953 2849 1148 2935 indictionis.¹
1165 2869 1168 2876 ’

509 2981 549 3046 In
567 2981 664 3048 simili
680 2977 786 3043 forma
802 2979 959 3061 scriptum
975 2977 1040 3042 suit
1056 2977 1188 3042 Pusoali
1205 2978 1244 3043 de
1277 2977 1424 3046 Guarino
1448 2977 1520 3045 Pro-

403 3090 554 3156 thontino
570 3085 759 3169 Brundusij.

513 3233 548 3292 (A
563 3230 701 3294 »Registri
716 3229 866 3294 Angiolni«
891 3230 924 3279 Α.
951 3233 993 3279 25.
1019 3243 1057 3278 sz.
1085 3229 1170 3295 »ΒΘΗΙ
1197 3227 1295 3280 Kcroli
1320 3225 1361 3280 Ι.«
1389 3229 1521 3284 kdtetebdl

410 3329 468 3374 161.
484 3323 553 3382 lev.;
577 3325 653 3382 uo.)

947 3623 998 3690 54.
1072 3682 1076 3691 .

403 3755 432 3822 Ι.
450 3751 576 3842 Kdroly
592 3751 720 3818 sicilici
736 3748 847 3838 kira‘ly
863 3775 885 3816 a
903 3750 967 3815 IV.
986 3751 1100 3817 Lento
1115 3772 1256 3839 mapyar
1272 3751 1305 3817 ds
1320 3753 1373 3819 II.
1405 3750 1521 3820 Otolror

549 3866 619 3930 cred
635 3860 788 3946 lcii-cllyolr
805 3859 889 3922 kliztc'
906 3859 1066 3924 bekekcre's
1082 3860 1275 3946 kb'zvetito'je.
1298 3863 1391 3927 7277.

400 4014 404 4022 '
512 4005 733 4071 Patcutes
771 3999 821 4063 de
860 3996 1226 4065 confirmatione
1259 4003 1385 4084 pac-is
1417 4003 1523 4066 intes
1603 3971 1605 4042 i

405 4105 1254 4197 chcmVngarieetRegem130011153·

511 4219 658 4285 Karolus
674 4225 732 4282 etc.
749 4214 908 4280 uniuersis
924 4220 1091 4297 presentes
1107 4215 1241 4280 licteres
1262 4215 1459 4300 inspecturis
1482 4235 1522 4278 ss·
1603 4203 1605 4324 ἱ

405 4323 506 4394 lutem
524 4335 556 4392 et
572 4350 665 4393 omne
681 4328 810 4392 bonum.
827 4322 970 4388 Nouerit
994 4323 1189 4388 vniue1·sitas
1214 4331 1330 4404 restra,
1352 4325 1437 4408 quod
1461 4341 1523 4387 cum
1603 4329 1605 4364 Ἴ

406 4437 597 4502 excellentes
614 4441 645 4500 et
672 4430 835 4520 magnifici
862 4430 1043 4512 Principes,
1060 4431 1181 4495 domiui
1198 4432 1236 4497 L.
1264 4431 1413 4514 Vngarie
1438 4437 1467 4496 et
1491 4429 1522 4494 0Ι
1603 4453 1605 4506 ι
