3222 5240
805 358 1039 408 nrrnourozrnr
1056 347 1226 408 runsxsx.

966 651 1041 712 311.

460 810 490 876 A
508 813 658 876 velenczei
682 811 913 897 kormdnyoale
938 813 1101 876 utoaitdsa
1120 810 1240 874 hdvetei
1254 813 1416 874 czdmdro.
1443 810 1538 874 1332.

546 969 643 1034 Anno
675 966 807 1035 Domini
838 966 1120 1034 MOOOXXXII
1152 967 1203 1033 die
1230 969 1344 1049 quinto
1359 965 1559 1034 Decembris.

442 1080 602 1162 Capta:
621 1073 718 1160 Quod
735 1071 977 1142 Ambaxatores
994 1077 1082 1157 ituri,
1090 1081 1264 1160 postquam
1289 1081 1386 1140 erunt
1402 1073 1520 1159 Segne,
1535 1075 1560 1139 si

437 1187 613 1253 habuerint
629 1192 719 1250 certa
735 1205 830 1265 noua,
845 1186 932 1269 quod
949 1184 1097 1250 dominus
1120 1185 1193 1249 Rex
1209 1182 1358 1267 Vngarie
1374 1186 1418 1248 sit
1432 1181 1560 1266 Zagab·

439 1298 497 1376 rie,
513 1295 567 1360 uel
583 1296 657 1360 inde
672 1293 760 1360 infra
775 1314 888 1359 versus
903 1294 1112 1374 maritimam,
1129 1292 1251 1358 vadant
1267 1293 1399 1357 adeum
1415 1293 1471 1358 ubi
1492 1293 1560 1370 erit,

437 1409 470 1469 et
486 1424 558 1468 cum
574 1402 632 1467 illa
647 1403 839 1483 reuerentia,
855 1422 918 1485 que
936 1399 1129 1467 conueniens
1146 1399 1217 1479 erit,
1228 1404 1261 1464 et
1276 1400 1383 1465 verbis
1400 1420 1463 1482 quc
1479 1399 1562 1464 vide·

437 1512 569 1590 buntur,
601 1509 829 1592 congaudeant
860 1509 899 1573 de
932 1509 1076 1575 aduentu
1093 1528 1160 1588 suo,
1176 1507 1265 1572 etde
1281 1507 1467 1589 parentella
1483 1509 1561 1573 inita

438 1621 523 1683 inter
539 1619 646 1700 ipsum
663 1623 695 1680 et
710 1615 877 1682 dominum
891 1616 1017 1699 Regem
1042 1615 1235 1700 R0bertum,
1250 1624 1284 1683 61
1299 1616 1437 1682 offerant
1454 1637 1516 1682 nos
1531 1623 1562 1680 61

438 1723 616 1789 Commune
632 1722 849 1791 Venetiarum
865 1724 907 1788 ad
925 1723 1069 1808 quelibet
1096 1726 1202 1806 gratia
1228 1745 1288 1789 sua
1305 1723 1459 1808 dicentes,
1478 1721 1562 1806 quod

440 1831 482 1896 ad
499 1830 731 1897 ostendendam
746 1832 960 1908 deuotionem,
979 1851 1076 1914 quam
1093 1823 1236 1914 gerimus
1262 1831 1368 1914 Regie
1385 1830 1561 1908 Maiestati,

438 1939 584 2004 misimus
594 1940 681 2022 ipsos
693 1933 935 2003 Amhaxatores
953 1944 1081 2004 nostros
1098 1939 1140 2003 ad
1158 1960 1239 2019 eum,
1256 1943 1289 2003 61
1303 1938 1446 2022 quodeis
1464 1939 1562 2020 impo-

440 2047 562 2113 suimus
579 2067 638 2128 pro
655 2043 778 2111 honore
794 2043 892 2126 Regii
909 2042 1080 2125 Culminis,
1107 2046 1195 2128 quod
1221 2047 1290 2110 eius
1305 2044 1408 2110 filium
1423 2044 1561 2110 debeant

437 2174 536 2237 usque
553 2153 588 2216 in
603 2149 784 2236 Appuliam
800 2151 1015 2235 personaliter
1040 2153 1170 2217 sotiare.
1197 2151 1233 2217 Si
1259 2161 1369 2218 autem
1384 2151 1465 2216 dicti
1482 2149 1559 2217 Am-

436 2260 613 2326 baxatores
628 2258 797 2340 haberent,
814 2258 902 2342 quod
918 2260 992 2324 Rex
1001 2259 1149 2342 prefatus
1165 2259 1365 2342 Zagabn'am
1380 2280 1443 2324 non
1460 2260 1560 2324 venis·

437 2374 494 2446 set,
510 2374 559 2433 set
574 2367 643 2431 eius
668 2365 755 2430 filius
779 2371 924 2444 tantum;
942 2371 1111 2449 expectent
1136 2369 1169 2432 in
1205 2365 1323 2450 Segne,
1339 2367 1441 2432 donec
1458 2366 1499 2431 de
1516 2387 1560 2430 re-

437 2495 529 2539 cessu
545 2473 624 2538 dicti
640 2473 710 2537 eius
726 2472 785 2537 filii
803 2472 843 2538 de
859 2473 1035 2556 Zagshria,
1051 2479 1085 2538 et
1107 2472 1147 2538 (16
1173 2474 1273 2557 ipsius
1291 2473 1433 2539 adventu
1447 2494 1558 2538 versus

436 2582 636 2650 maritimam
652 2584 805 2648 sciverint
820 2589 911 2647 certa
926 2604 1018 2648 nova.
1036 2581 1109 2668 Quo
1119 2584 1210 2665 scito,
1219 2583 1375 2649 recedant
1391 2583 1430 2648 de
1441 2579 1558 2666 Segne,

437 2697 470 2755 61
486 2689 607 2754 vadant
637 2687 700 2753 sibi
730 2687 868 2768 obviam,
901 2709 1070 2774 quousque
1095 2690 1275 2755 invenerint
1300 2691 1416 2773 ipsum,
1431 2695 1465 2754 et
1489 2710 1559 2754 eum

436 2797 558 2862 soticnt
573 2814 675 2877 usque
692 2794 735 2859 ad
749 2796 973 2859 marittimam.
989 2795 1037 2860 Et
1053 2797 1080 2860 si
1108 2796 1189 2860 dicti
1205 2793 1447 2862 Ambaxatores
1464 2798 1560 2860 senti-

435 2911 517 2987 rent,
533 2903 620 2985 quod
635 2901 708 2968 Rex
724 2909 811 2968 esset
836 2902 1008 2985 Zagabrie,
1039 2911 1072 2968 et
1086 2911 1260 2987 propterea
1275 2905 1362 2970 irent
1378 2903 1421 2968 ad
1437 2923 1519 2981 eum,
1535 2903 1560 2967 si

435 3013 505 3076 eins
518 3011 621 3076 filium
638 3012 819 3075 invenirent
835 3012 869 3074 in
885 3010 938 3074 via
963 3019 1151 3094 separatum
1177 3031 1196 3075 a
1212 3018 1315 3094 patre,
1330 3019 1365 3078 et
1380 3013 1559 3076 uenientem

439 3138 549 3182 versus
566 3117 790 3196 marittimam,
806 3117 882 3182 licet
899 3117 972 3182 Rex
996 3120 1206 3185 remansisset
1221 3117 1386 3200 Zagabrie
1411 3117 1462 3182 vel
1487 3117 1558 3183 inde

435 3224 531 3304 infra,
548 3245 612 3288 non
629 3228 738 3288 tamen
755 3222 879 3288 vadant
895 3230 1071 3307 propterea
1087 3223 1168 3290 dicti
1177 3221 1420 3290 Ambaxatores
1436 3225 1478 3290 ad
1494 3225 1555 3289 dic·

434 3336 503 3394 tum
514 3328 647 3411 Regem,
658 3337 708 3394 set
724 3352 797 3395 cnm
813 3330 881 3396 filio
899 3330 942 3395 ad
959 3331 1171 3396 marittimam
1187 3333 1328 3414 venient,
1344 3339 1377 3396 et
1394 3332 1455 3396 sibi
1466 3353 1557 3415 expo·

435 3444 513 3502 nant
530 3438 637 3502 omnia
655 3437 717 3503 sibi
735 3438 833 3516 dicta,
849 3459 908 3502 ncc
924 3444 1034 3502 tamen
1051 3437 1206 3504 recedant
1222 3438 1302 3504 dicti
1319 3435 1557 3504 Ambaxatores

435 3545 476 3611 de
492 3544 655 3627 Veneriis,
665 3546 729 3610 nisi
744 3544 784 3608 de
801 3545 941 3611 aduentu
954 3545 1031 3610 dicti
1041 3546 1143 3629 Regis
1160 3552 1192 3611 61
1207 3543 1276 3625 filii,
1292 3532 1342 3610 uel
1358 3545 1557 3625 filiitsntum,

437 3651 638 3734 Zagabriam
654 3653 767 3718 hahita
793 3653 890 3719 suerit
917 3660 1006 3718 66116
1027 3673 1117 3718 nova.
1134 3653 1211 3718 Non
1227 3651 1348 3733 XVII,
1363 3677 1428 3720 uon
1445 3652 1556 3718 sinceri

434 3757 501 3841 IX,
520 3758 559 3823 de
576 3763 671 3842 parte
688 3757 818 3828 LXIV.

541 3865 589 3930 Et
604 3867 683 3948 quis
698 3866 825 3947 dicitur,
841 3866 930 3950 quod
945 3867 1032 3933 idem
1048 3867 1121 3932 Rex
1136 3868 1170 3931 in
1180 3866 1268 3933 16616
1284 3876 1447 3935 terrarum
1464 3875 1496 3934 et
1510 3871 1552 3935 lc·

439 3993 552 4039 corum
568 3979 753 4039 nostrorum
770 3972 944 4040 Solanonie
959 3975 1127 4042 sinistram
1142 3973 1402 4043 informationem
1419 3976 1554 4061 recepit;

436 4081 463 4144 si
480 4081 654 4160 accideret,
671 4081 759 4165 quod
776 4103 871 4164 super
888 4082 973 4146 dicto
991 4082 1077 4148 facto
1093 4081 1179 4147 idem
1195 4083 1345 4147 dominus
1356 4083 1429 4148 Rex
1439 4081 1554 4166 aliquid

434 4187 560 4254 diceret
577 4181 716 4254 scudici
746 4189 869 4254 faceret
885 4189 1004 4254 nostris
1035 4185 1340 4256 Ambasciatoribus
1370 4191 1553 4266 antedictis;

434 4296 658 4361 committatur
684 4296 740 4377 eie,
758 4296 843 4379 quod
859 4297 1086 4380 respondeant,
1103 4296 1193 4380 quod
1217 4296 1317 4362 nichil
1334 4297 1381 4362 eis
1399 4295 1549 4363 commisi·

433 4421 503 4464 mus
521 4400 560 4465 de
576 4402 744 4484 predictis,
770 4408 879 4467 tamen
905 4402 1113 4483 ostendendo,
1140 4404 1227 4485 quod
1253 4426 1273 4468 a
1298 4412 1385 4477 sest
1402 4411 1551 4484 tanquam

432 4507 613 4591 singulares
630 4528 768 4592 persone
784 4509 846 4575 hoo
862 4509 982 4592 dicant,
999 4511 1181 4576 sustineant
1196 4510 1268 4576 iura
1278 4519 1395 4578 nostra
1410 4517 1443 4578 ct
1458 4511 1549 4578 (11616-
