3222 5240
576 347 669 410 1329.
1121 354 1183 416 277

70 518 211 606 Apostoli
227 527 261 588 et
269 523 490 608 Euangeliste,
507 524 719 591 admittentes
736 524 910 606 benegnius
926 524 1183 609 postulacionem

70 637 97 694 et
119 629 314 696 oblacionem
340 632 512 697 eorundem
538 630 740 697 Nouensium
766 632 825 697 sub
851 653 907 696 suo
934 639 967 696 et
995 630 1183 700 Communis

70 737 274 806 Veneciarum
290 738 441 820 dominio,
466 740 633 825 fidelitate,
660 737 857 804 deffensione
873 745 906 804 et
921 741 1134 825 protectione,
1148 741 1183 807 in

6 885 8 892 ,
67 850 245 930 perpetuum
261 846 438 913 salubriter
454 853 658 932 receperunt,
693 845 837 912 salvis
875 846 1181 914 honorificen-

6 1027 7 1030 Ἴ
68 953 203 1019 ciiset
226 953 404 1019 iuribus
437 954 551 1020 dicti
583 955 751 1021 domini
776 952 911 1036 Regis
935 953 1178 1039 Hungarie,

68 1082 138 1144 que
168 1061 359 1126 haberet
390 1061 458 1125 vel
491 1061 681 1128 deberet
711 1060 878 1127 habere
902 1062 944 1125 in
969 1059 1179 1129 Ciuitate

66 1167 281 1251 predicta,
314 1168 534 1251 promittendo
550 1168 689 1252 benigne
707 1175 738 1233 et
755 1170 912 1255 graciose,
930 1169 1017 1253 quod
1032 1168 1178 1236 homines

65 1273 149 1340 Nune
165 1280 197 1340 et
213 1297 327 1342 eorum
343 1276 429 1342 bona
445 1275 484 1341 de
501 1282 610 1342 cetero
626 1282 809 1342 tractentur
825 1281 858 1340 et
867 1275 1052 1341 habeantur
1061 1276 1178 1362 ubique

6 1373 7 1384 ²
65 1383 92 1446 in
107 1381 255 1450 Veneriis
282 1389 316 1448 et
340 1390 442 1464 extra,
467 1382 738 1466 quemadmodum
763 1387 950 1448 tractantur
966 1388 999 1448 et
1014 1384 1177 1450 habentur

66 1487 153 1571 aliqui
177 1489 217 1556 de
242 1491 392 1574 partibus
407 1491 586 1569 Dalmacie,
612 1490 667 1572 qui
693 1488 757 1552 sint
783 1490 887 1572 magis
903 1488 999 1555 liberi
1017 1496 1049 1556 ct
1064 1487 1175 1558 fideles

68 1595 177 1662 domini
190 1597 296 1664 Ducis
312 1603 346 1663 et
363 1595 550 1662 Communis
567 1596 793 1664 Veneciarum.
827 1595 910 1663 Post
927 1619 1026 1681 quam
1042 1598 1178 1665 submis-

6 1785 8 1792 .
65 1704 173 1770 sionem
191 1705 338 1771 oblatam
354 1710 385 1770 et
400 1705 529 1786 saetam,
545 1709 578 1769 et
594 1724 654 1787 per
669 1705 776 1787 ipsum
791 1703 958 1770 dominum
972 1707 1099 1773 Ducem
1114 1729 1176 1792 pro

64 1831 92 1876 se
115 1819 146 1878 et
170 1812 340 1880 Communi
356 1813 573 1880 Veneciarum
598 1820 813 1896 acceptatam,
838 1815 909 1898 ipsa
935 1814 1084 1880 domiuus
1099 1813 1176 1880 Dux

6 1917 8 2009 ,
63 1941 126 1985 cum
149 1941 203 1985 suo
221 1917 376 2000 Consilio,
401 1939 460 1984 sua
485 1917 686 1986 liberalitate
703 1920 915 2004 infrascripta
929 1920 1083 2004 prouidit,
1109 1941 1174 1988 ser·

6 2075 7 2118 3
62 2029 125 2094 uari
149 2028 249 2093 voluit
274 2032 307 2091 et
330 2025 500 2092 mandauit
525 2027 659 2092 sindicis
684 2035 716 2094 et
735 2027 1003 2094 amburatoribus
1019 2028 1174 2112 predictis

6 2191 7 2222 ;
61 2135 238 2215 volentibus,
277 2134 553 2203 consencientibus
580 2143 612 2200 et
636 2134 902 2220 approbantibus.
940 2134 1054 2202 Primo
1080 2138 1175 2220 enim,

6 2237 7 2326 f
60 2243 138 2325 quod
152 2264 210 2325 per
226 2242 392 2307 domiuum
404 2239 530 2309 Ducem
547 2250 580 2308 et
596 2265 687 2309 suum
699 2243 878 2312 Consilium
895 2244 1030 2328 singulis
1047 2243 1173 2311 duobus

6 2379 8 2430 ς
58 2351 143 2415 annis
167 2349 316 2414 mittetur
339 2349 381 2415 ad
398 2350 575 2434 regendum
591 2349 712 2415 dictam
728 2347 907 2418 Ciuitatam
923 2349 1020 2416 Nono
1036 2373 1115 2419 vnus
1133 2375 1172 2418 ex

6 2473 8 2480 ’
58 2453 222 2522 Nobilibus
248 2455 288 2520 de
305 2455 428 2522 Maiori
444 2456 590 2524 Consilio
606 2456 832 2540 Veneciarum,
859 2462 916 2544 qui
932 2461 1173 2545 nuncupabitur

6 2601 8 2644 ;
58 2561 164 2631 Comes
180 2563 285 2644 Nona,
310 2565 366 2648 qui
382 2565 523 2648 eligetur
539 2565 573 2630 in
592 2565 744 2634 Veneciis
759 2565 793 2631 in
809 2565 932 2632 Maiori
949 2565 1094 2634 Consilio
1112 2591 1171 2654 per

56 2673 248 2757 electionem,
265 2680 297 2738 et
312 2673 369 2739 fiet
385 2673 453 2738 vice
470 2673 616 2757 qualibet
631 2695 691 2758 per
702 2673 783 2740 duos
794 2695 914 2757 annos;
932 2677 1022 2742 cuins
1034 2674 1170 2743 Comitis

57 2781 164 2848 electio
189 2780 246 2847 fiet
271 2802 354 2847 nuno
383 2781 472 2847 etde
490 2788 598 2849 cetero
615 2803 674 2866 per
692 2782 745 2850 IV
761 2805 876 2848 manus
892 2783 925 2848 in
943 2783 1031 2849 dicto
1049 2783 1171 2850 Maiori

6 2911 7 2914 ¹
54 2887 419 2972 Consilio,approbando
431 2888 550 2954 eleetos
561 2889 595 2954 in
607 2889 694 2955 dicto
703 2888 849 2955 Consilio
860 2889 1005 2956 advuum
1017 2890 1169 2974 arianum,

6 3015 7 3038 ³
54 3003 82 3062 et
96 2997 158 3078 ille,
174 2998 228 3080 qui
245 2995 400 3061 habuerit
414 2998 525 3080 plures
542 2997 696 3079 bellotae,
711 2996 862 3064 habendo
873 2998 1031 3064 maiorem
1041 3005 1169 3084 partem

6 3097 7 3102 ’
53 3101 189 3188 Consilii,
206 3106 249 3170 sit
264 3103 393 3188 firmus3
410 3110 442 3171 et
459 3107 486 3170 si
503 3106 611 3172 nullus
626 3106 762 3172 haberet·
778 3107 934 3171 maiorem
943 3113 1071 3190 partem
1083 3105 1168 3172 Con·

6 3239 8 3292 j
52 3209 119 3290 silli,
143 3211 190 3276 illi
215 3211 289 3292 dno,
309 3213 371 3296 ,qui
395 3214 571 3280 habuerint
596 3214 706 3299 plures
722 3213 871 3296 ballotas,
897 3213 998 3280 vadat
1012 3237 1093 3283 vnus
1109 3237 1168 3300 per

6 3349 7 3394 3
51 3317 182 3384 medinm
207 3319 361 3402 alterius;
395 3328 428 3388 et
454 3323 480 3387 si
507 3323 626 3407 aliquis
644 3331 731 3390 esset
747 3324 869 3390 electus
886 3345 945 3408 per
962 3330 1028 3391 tres
1045 3345 1167 3406 manus

6 3461 7 3468 κ
50 3425 87 3490 sit
110 3426 219 3494 firmus
245 3429 316 3493 sine
334 3429 401 3494 alia
417 3428 621 3515 probatione.
661 3432 746 3496 Item
763 3431 850 3514 quod
868 3432 985 3499 Comes
1001 3432 1167 3517 predictus

49 3533 136 3600 Nona
160 3541 312 3602 teneatur
337 3557 450 3622 regere
476 3537 596 3604 (lictum
624 3537 800 3604 Ciuitatem
825 3546 858 3604 et
872 3539 1069 3607 Districtum
1094 3563 1167 3609 oum

6 3721 7 3726 ἵ
48 3641 213 3711 Judicibus
238 3648 270 3709 et
290 3645 521 3727 sententiariis,
547 3647 602 3732 qui
619 3647 865 3732 deputabuntur
879 3670 938 3732 per
954 3648 1064 3715 Maius
1082 3646 1167 3715 Con·

6 3757 7 3766 ³
50 3751 148 3818 silium
165 3753 268 3836 ipsius
285 3750 440 3819 Ciuitatis
455 3776 514 3838 per
529 3757 684 3821 maiorem
701 3761 828 3840 partem
845 3777 966 3837 eorum,
991 3757 1166 3823 secundum

49 3860 315 3942 consuetudinem,
331 3863 472 3942 ordines,
488 3863 656 3930 libertates
673 3869 706 3928 et
719 3869 845 3930 statuta
856 3862 1010 3931 Ciuitatis
1022 3865 1165 3948 eiusdem
1266 3873 1269 3880 '

47 3964 125 4036 facta
148 3969 200 4034 vel
226 3968 342 4051 fienda,
369 3971 541 4037 dummodo
567 3992 631 4038 non
656 3974 722 4036 sint
738 3979 851 4039 contra
867 3972 1025 4038 honorem
1042 3973 1164 4039 domini

47 4070 140 4144 Ducis
150 4082 184 4142 et
195 4076 382 4144 Communis
392 4077 618 4160 Veneciarum,
635 4081 872 4165 promulgando
885 4087 919 4147 et
934 4080 1162 4149 sententiando

47 4203 150 4254 musas
168 4194 199 4252 et
220 4188 408 4272 questiones
424 4210 482 4272 per
499 4189 655 4256 maiorem
669 4197 795 4275 partem
812 4212 931 4256 eorum.
957 4189 1057 4257 Saluo
1074 4189 1164 4276 quod

46 4292 123 4360 solus
133 4293 252 4361 Comes
268 4295 302 4359 in
319 4296 502 4377 homicidio,
519 4297 695 4364 violacione
712 4297 893 4382 mulierum,
909 4298 1066 4364 incendiis
1076 4297 1162 4366 frau-

46 4397 178 4468 dulentis
204 4409 236 4468 et
260 4402 392 4471 robaria
417 4403 597 4471 manifestis
623 4405 743 4471 habeat
768 4406 906 4492 liberum
924 4404 1105 4488 arbitrium,
1130 4408 1164 4474 in

46 4509 154 4589 quibus
182 4514 358 4597 procedere
379 4520 411 4579 et
427 4514 603 4580 terminare
620 4513 736 4582 debeat
752 4515 926 4583 secundum
941 4515 1081 4582 formam
1097 4520 1163 4582 sta·
