3244 5236
604 317 789 378 perituros.
995 348 1001 358 ι
1190 319 1252 380 417

8 571 10 576 Ι
118 491 200 558 titas
216 491 418 556 extrahatur.
434 490 558 556 Datum
575 489 678 578 Fogie
697 513 754 576 per
769 492 920 558 eumdem
944 493 969 560 J
971 493 1138 560 ohannem.
1170 491 1255 562 XII.

7 639 8 642 =
122 595 231 684 Madij
248 599 352 683 prime
368 599 566 666 indictionis.

231 707 317 774 Item
335 710 492 794 scriptum
508 716 558 776 est
583 708 774 775 Portulsnis
790 716 944 793 portuum
960 709 1062 795 Tranj
1081 717 1114 776 et
1129 711 1255 792 Baroli‚

121 821 284 898 quotenus
300 816 449 882 eumdem
466 815 627 883 Comitem
644 815 825 900 Georgium
841 839 913 883 eum
931 817 1041 884 decem
1057 827 1089 884 et
1099 825 1173 884 octo
1187 842 1258 903 por-

6 955 7 960 *
122 923 221 1002 soniS,
237 923 343 990 tribus
354 925 507 1006 roncinis,
518 931 552 990 et
562 926 654 1009 equis
671 925 857 1008 duobused
873 947 967 990 arma
983 926 1023 991 do
1039 933 1138 1010 portu
1154 926 1257 1012 Tranj
1276 925 1280 933 ’

124 1031 177 1095 uel
193 1029 319 1115 Barolj,
347 1032 388 1096 de
414 1031 518 1097 altero
543 1032 697 1097 uidelicet
723 1033 867 1116 ipsorum
893 1039 1057 1117 portuum,
1072 1035 1105 1099 in
1122 1057 1186 1118 quo
1202 1058 1261 1119 per

125 1139 268 1204 eundem
297 1137 524 1205 Justitiarium
541 1141 714 1206 vussellum
744 1163 805 1224 pro
830 1143 974 1207 transitu
991 1163 1104 1208 eorum
1119 1143 1263 1209 inueniri

5 1257 7 1276 ⁸
125 1248 312 1331 contigerit,
329 1247 471 1314 transire
486 1253 519 1311 et
534 1248 625 1312 abire
642 1249 710 1313 sino
726 1248 877 1313 molestia
901 1250 1110 1333 permittatis.
1139 1248 1262 1316 Acten-

5 1407 6 1416 ,
124 1358 192 1421 tius
209 1357 389 1440 prouisuri,
406 1356 496 1439 quod
509 1356 619 1440 plures
630 1358 835 1440 equitaturas
845 1357 898 1421 uel
914 1379 1015 1441 equos
1033 1358 1076 1424 ad
1092 1380 1184 1424 erma
1202 1365 1263 1425 etc.

125 1463 339 1548 presentibus
355 1469 431 1547 post
446 1485 588 1530 mensem
604 1487 705 1530 unum
722 1472 781 1530 etc.
797 1463 923 1530 Datum
942 1472 978 1529 ut
994 1487 1102 1550 supra.

239 1626 539 1693 (A»Reg.Angioini‹
566 1630 597 1679 B.
613 1633 654 1678 21.
668 1645 706 1680 sz.
744 1630 812 1694 Beg.
838 1629 986 1679 KnroliII.
1011 1630 1123 1684 ustos.
1145 1630 1207 1692 lou,
1233 1645 1265 1680 ez

3 1737 5 1762 ;
130 1719 207 1767 oleru
221 1717 273 1767 kir.
292 1716 402 1767 Grande
415 1717 604 1769 Archivioban
618 1721 805 1784 Nipolyban.)

622 1899 779 1907 -O---—

588 2081 662 2144 394.
685 2078 753 2164 (37.
768 2078 816 2163 o.)

175 2241 309 2328 Gydryy
323 2241 409 2328 qro'f,
426 2265 447 2306 a
464 2241 552 2306 seori>
567 2242 748 2327 kirtlyuak
765 2241 881 2322 kooete,
896 2241 1067 2307 sicilicet
1084 2245 1239 2309 viserattr

552 2350 723 2434 huzdja'ha.
744 2352 840 2414 1274.

230 2487 395 2594 Scriptum
406 2517 455 2576 est
465 2510 570 2576 eidem
579 2511 605 2577 J
606 2499 768 2576 ostitiario
779 2507 981 2595 (terreBsri)
991 2518 1051 2578 etc.
1061 2512 1144 2580 Oum
1155 2513 1272 2580 Comes

139 2617 303 2701 Georgius
319 2620 467 2685 Nuncius
486 2619 633 2684 Illustris
661 2617 763 2702 Regis
784 2617 900 2684 Seruio
926 2620 1039 2686 dilecti
1055 2623 1150 2687 amici
1169 2623 1273 2688 nostri

140 2727 185 2793 ad
201 2726 339 2792 eundem
353 2726 480 2812 Regem
499 2727 540 2794 de
560 2727 814 2791 nostratioentis
830 2734 1034 2810 reuertatur3
1049 2729 1199 2794 fidelitati
1217 2736 1273 2794 tue

140 2834 352 2920 precipiendo
362 2834 565 2916 mundamus,
576 2839 737 2916 quatenus
748 2834 897 2898 eumdem
913 2832 1075 2901 Comitem
1085 2859 1160 2902 cum
1168 2858 1274 2920 perso-

142 2945 193 3009 nis
203 2944 315 3009 decem
331 2950 364 3009 et
380 2950 453 3008 octo
470 2961 580 3009 secum
590 2942 812 3023 redeuntibus,
828 2944 971 3008 roncinis
981 2945 1097 3025 tribus,
1107 2953 1140 3010 et
1150 2946 1274 3010 duobus

143 3053 237 3136 equis
252 3051 297 3118 od
313 3075 416 3136 arma,
433 3075 513 3137 quos
525 3075 634 3118 secum
652 3053 752 3133 ducit,
767 3052 807 3117 de
825 3052 941 3136 quibus
961 3055 1169 3118 extrahendis
1180 3054 1275 3118 licen-

142 3163 224 3228 tiam
236 3161 299 3227 sibi
309 3160 460 3228 duximus
470 3162 719 3243 eoncedendum,
731 3162 758 3225 si
768 3162 802 3225 in
812 3177 912 3244 portu
922 3161 1024 3247 Trauj
1041 3161 1094 3226 uel
1104 3160 1216 3226 Baroli
1227 3168 1276 3224 est

141 3269 270 3354 aliquid
280 3268 454 3334 rossellum
467 3276 629 3354 paratum,
639 3269 727 3351 quod
737 3267 900 3350 adportes
916 3268 991 3332 illas
1010 3267 1127 3334 debeat
1142 3268 1278 3351 nauiga-

143 3399 191 3458 re,
208 3376 242 3440 in
258 3397 322 3459 quo
333 3376 484 3441 decenter
501 3382 533 3440 et
544 3375 710 3440 commode
722 3375 768 3440 ire
780 3377 908 3458 possint
918 3397 988 3440 curu
998 3377 1097 3441 naulo
1107 3383 1209 3460 perte
1219 3396 1279 3459 pro

144 3493 240 3570 parte
251 3483 350 3550 Ourie
361 3484 535 3564 soluendo;
551 3486 604 3549 uel
613 3485 647 3547 in
665 3484 767 3567 ipsius
784 3484 912 3550 defectu
928 3485 961 3550 in
971 3485 1083 3569 aliquo
1093 3486 1228 3551 vassello
1238 3483 1281 3548 sd

145 3595 211 3658 hoo
222 3593 357 3678 ydoneo,
369 3591 455 3674 quod
467 3591 578 3655 statim
589 3591 737 3656 inuenire
756 3598 789 3656 et
804 3591 982 3658 conducero
1000 3593 1131 3658 studeas
1146 3593 1186 3657 de
1204 3613 1282 3674 qua-

146 3722 274 3784 cunque
290 3698 391 3782 fisculj
410 3697 560 3782 pecunia,
577 3705 609 3762 et
625 3698 727 3763 etiam
744 3699 784 3764 de
801 3700 939 3782 pecunia
950 3701 1111 3783 presentis
1120 3702 1282 3784 generalis

148 3809 387 3888 subuertionis,
404 3829 466 3890 que
482 3812 532 3871 est
547 3805 601 3871 uel
616 3806 680 3871 erit
696 3828 755 3889 per
770 3827 885 3870 manus
900 3811 987 3889 tuas,
1003 3809 1113 3891 aliquo
1130 3810 1284 3875 mundato

148 3940 215 3984 non
232 3916 381 3982 obstante
396 3921 456 3980 eto
473 3937 575 3998 usque
600 3915 625 3979 J
626 3915 770 3993 adaram,
802 3913 855 3978 uel
887 3915 984 3980 aliam
1016 3922 1139 3979 terram
1155 3915 1284 3980 illerum

150 4027 296 4110 partium
311 4045 411 4108 quam
429 4024 500 4106 ipse
517 4022 664 4106 elegerit,
680 4022 830 4087 celeriter
846 4044 905 4106 per
921 4043 1009 4086 mare
1026 4021 1129 4087 facins
1145 4021 1284 4090 transse-

149 4135 225 4201 tari.
251 4136 457 4218 Recepturus
473 4141 532 4197 eto.
549 4133 675 4198 Datum
692 4137 772 4214 aput
787 4131 912 4196 Lacum
929 4130 1105 4195 Pensulem
1129 4149 1187 4211 per
1214 4129 1286 4194 Ma-

153 4244 293 4326 gistrum
310 4241 525 4308 Guillelmum
540 4240 609 4305 III.
627 4239 828 4322 Septembris
845 4239 911 4304 III.
929 4238 1125 4303 indictionis.

264 4403 300 4470 (A
313 4405 560 4472 »Beg.Angioi11i«
573 4407 605 4454 Β,
619 4409 660 4454 21.
673 4419 710 4453 sz.
724 4404 792 4466 Reg.
803 4403 900 4452 Karoli
915 4403 936 4450 1.
948 4403 1006 4451 ket.
1022 4406 1082 4450 313.
1096 4402 1160 4464 lev,
1173 4415 1200 4450 u.
1215 4402 1252 4464 o.)

203 4649 302 4688 nouom
319 4647 402 4686 nouo.
420 4645 489 4686 ster.
506 4657 549 4667 —-
565 4647 634 4684 nors
650 4647 709 4683 rxr.
727 4645 746 4682 r.
1137 4618 1177 4684 27
