3170 5234
412 334 476 404 226
770 357 1003 407 nrrnonsozrsr
1024 341 1193 404 suessan.

410 519 477 582 suis
493 514 669 586 Nobilibus
684 520 719 583 in
734 520 931 604 prestaldos,
947 526 985 584 ut
1001 539 1074 584 cum
1099 518 1141 584 ad
1166 525 1276 602 partes
1291 518 1416 582 vicinas
1431 513 1520 580 Jadre

409 625 541 690 duxerit
572 626 745 710 applicare,
776 627 957 692 Districtus
983 633 1093 691 atres
1119 624 1222 690 Jadre
1239 625 1424 690 nullatenus
1439 621 1522 686 offen·

411 732 542 797 dantur.
559 734 716 800 Preteroa
733 733 809 798 dum
827 735 1057 800 ambaxatores
1073 735 1176 798 nostri
1192 734 1226 797 in
1243 731 1460 816 promittendo
1473 730 1523 794 sibi

312 871 318 882 ·
411 836 601 905 Communis
617 842 724 908 Jadre
740 842 915 922 servitium,
940 841 1134 907 fidelitatem
1157 840 1270 908 Vestri
1298 840 1420 905 domini
1435 837 1523 902 Ducis

412 947 597 1028 salvarant3
614 949 683 1032 ipse
699 949 867 1032 respondit
877 949 942 1014 sibi
957 948 1097 1032 placere,
1108 948 1218 1014 dicens
1229 968 1262 1011 se
1273 949 1367 1027 scire,
1378 944 1523 1010 dominum

411 1075 502 1120 snum
531 1055 697 1122 dominum
713 1057 839 1140 Regem
856 1077 927 1124 esse
952 1059 1093 1122 amicum
1131 1056 1253 1120 domini
1268 1053 1372 1119 Ducis
1391 1053 1526 1122 Venetis-

411 1184 491 1227 rum.
507 1164 553 1228 Et
567 1163 644 1229 inde
661 1163 768 1229 dictus
784 1165 935 1230 dominus
961 1164 1073 1229 Banus
1098 1163 1159 1228 iuit
1185 1183 1296 1228 versus
1312 1160 1486 1244 Spalatum,
1499 1167 1523 1222 et
1575 1233 1576 1236 Ἴ

411 1267 457 1334 ibi
473 1272 592 1336 mansit
606 1291 708 1354 usque
724 1293 817 1338 nunc.
833 1273 931 1338 Nunc
947 1279 1055 1337 autem
1066 1291 1140 1336 ecce
1157 1271 1228 1336 beri
1252 1269 1407 1336 transiuit
1422 1266 1523 1332 flumen

412 1377 473 1442 sub
489 1376 639 1459 Tinnino
671 1385 704 1444 et
735 1400 836 1462 usque
867 1379 953 1444 diem
985 1377 1126 1446 Veneris
1158 1380 1342 1462 proximum
1374 1377 1435 1442 erit
1451 1373 1523 1458 apud

412 1481 577 1565 Vranam3
594 1486 636 1552 sd
647 1507 742 1570 quem
758 1487 855 1553 hodie
870 1487 1072 1571 prouidimus
1089 1486 1171 1551 duos
1182 1486 1411 1550 ambaxatores
1423 1485 1523 1548 itemm

413 1591 577 1658 destinare
593 1615 653 1676 pro
669 1597 918 1661 conseruatione
935 1595 1114 1660 Districtus
1132 1593 1246 1658 nostri.
1262 1593 1440 1658 Penuriam
1454 1591 1522 1654 enin

412 1701 506 1782 penis
522 1722 675 1784 magnam
690 1702 821 1768 hebent.
840 1700 929 1786 Quid
945 1709 1059 1787 postea
1077 1703 1302 1786 subsequetur,
1319 1697 1523 1784 Magnitudini
1574 1789 1576 1798 y

414 1805 535 1874 Vestra
561 1829 626 1872 non
652 1811 852 1876 cessabimus
881 1811 1042 1876 intimare.
1073 1811 1164 1876 Data
1182 1810 1236 1876 die
1252 1811 1327 1874 lunc
1342 1807 1444 1873 XIX.
1459 1804 1523 1890 Sep·

413 1912 550 1979 tembris
577 1914 617 1983 V.
633 1917 832 1984 indictionis.

521 2093 555 2159 (Α
573 2095 677 2160 »Copia
689 2097 723 2146 de
739 2097 979 2148 Commemorialis
993 2097 1082 2148 csimtt
1095 2099 1237 2149 velenczei
1249 2094 1470 2160 rillamktnyvbtl
1492 2091 1521 2142 ΙΙ

414 2185 473 2234 knt.
487 2189 547 2234 446.
561 2184 589 2248 1.,
602 2199 619 2234 a
628 2187 703 2240 becsi
717 2201 753 2239 cs.
768 2187 855 2239 titkos
878 2185 1074 2257 levelttrban.)

901 2367 1058 2377 -ψ

950 2587 1022 2646 283.

416 2742 530 2806 Mdv-ic
547 2743 676 2807 sicilici
692 2743 852 2830 Ιιίτάῑψιέ,
873 2744 908 2808 V.
924 2746 1036 2808 Irtndn
1060 2766 1200 2830 mappas·
1223 2743 1336 2830 kira'ty
1351 2737 1521 2826 lednydnak

813 2852 1034 2938 vepresddere.
1056 2855 1151 2916 1323.

522 3009 607 3072 (nard
620 3024 653 3061 az
669 3011 781 3061 roas-ki
801 3011 882 3061 emar
895 3015 956 3064 288.
971 3027 1008 3064 az.
1022 3011 1058 3076 a.)

946 3409 1019 3472 284.

414 3567 530 3632 Bobert
548 3567 675 3654 Kdroly
689 3591 828 3654 mapyar
843 3569 957 3656 kirtly
973 3571 1077 3634 troveto
1096 3570 1232 3656 Spalato
1259 3573 1356 3634 vdroa
1371 3565 1521 3654 moperbsi·

737 3677 850 3740 ttse'rb'l
864 3678 1096 3762 qondoakodilc.
1123 3679 1219 3742 1324.

523 3851 669 3916 Karolus
686 3847 830 3918 illustris
858 3861 916 3920 etc.
948 3855 1117 3938 Magistris
1133 3855 1326 3921 Portulanis
1343 3851 1459 3938 Apulie
1473 3855 1522 3914 etc

415 3957 473 4024 Ad
488 3960 653 4042 petitionis
666 3961 861 4026 instantiam
891 3963 1021 4028 nouiter
1044 3963 1132 4028 facte
1149 3964 1243 4029 nobis
1260 3985 1319 4047 pro
1334 3969 1425 4047 parte
1440 3958 1522 4042 spec·

416 4068 529 4134 tabilis
560 4069 620 4133 viri
652 4069 773 4133 domini
807 4070 927 4136 Karoli
954 4071 1101 4156 Virgarie
1127 4073 1229 4156 Regis
1247 4073 1359 4138 inoliti
1384 4063 1523 4138 carissimi

416 4173 529 4241 fratris
547 4177 648 4241 nostri
666 4177 812 4242 volumus
830 4186 889 4244 etc.
915 4186 1076 4262 quatenus
1094 4183 1206 4246 statim
1223 4182 1363 4264 receptis
1382 4171 1522 4264 presenti·

416 4281 477 4349 bus
503 4291 749 4366 procuratorem
775 4307 831 4350 seu
857 4288 1010 4352 nuncium
1035 4287 1113 4353 dicti
1139 4287 1240 4369 Regis
1272 4286 1360 4354 vobis
1376 4285 1521 4370 presentet

416 4388 549 4456 lictores
578 4392 801 4474 assignantem
833 4394 1002 4459 extrahere
1033 4416 1089 4460 seu
1120 4395 1249 4460 extrahi
1280 4394 1387 4460 facere
1411 4387 1521 4456 nomin

416 4496 519 4584 ipsius
534 4497 635 4582 Regis
661 4497 815 4567 frumenti
841 4502 961 4568 salmas
987 4511 1114 4568 centum
1139 4503 1180 4567 de
1196 4509 1293 4587 portu
1309 4494 1511 4568 Manfridonie
