3174 5236
751 317 985 362 onnonnozmi
1002 305 1170 364 cnosson.

932 607 1003 666 185.

397 766 584 831 Kcszolerek
601 766 716 832 Rodert
727 765 852 850 Kriroly
862 763 1092 830 etindutuscrc
1107 767 1505 854 dlapyarorezcipdn.13dd.
1564 757 1567 876 1

511 921 544 1008 1)
561 925 612 989 De
631 927 800 989 armatura
819 925 986 1006 galearum
1013 948 1071 1009 pro
1103 929 1246 992 transitu
1261 925 1382 992 Kuroli
1394 925 1435 990 de
1450 921 1507 987 Vn·

400 1033 504 1114 gorio,
519 1036 554 1095 et
569 1031 609 1096 de
627 1030 830 1095 nonlizandis
847 1037 974 1096 centum
993 1035 1233 1117 quinquaginta
1248 1033 1398 1115 equis‚ac
1413 1031 1509 1094 salmis

401 1137 559 1203 frumenti
590 1137 747 1218 ducentis
771 1145 805 1202 et
830 1138 920 1202 ordei
953 1139 1201 1223 quadringentis
1218 1139 1261 1204 ad
1277 1161 1372 1204 usum
1387 1137 1508 1220 hospitii
1567 1181 1568 1194 .

403 1246 482 1310 dicti
498 1244 629 1328 Kumli,
646 1267 684 1309 ac
700 1244 841 1310 bisootto
858 1247 1040 1312 necessario
1057 1269 1117 1331 pro
1134 1249 1295 1331 panotios.
1306 1244 1407 1313 XIX.
1417 1242 1509 1325 Modij

403 1351 509 1420 XIII.
525 1352 725 1417 indictionis,

510 1515 546 1576 (A
561 1517 646 1579 »Regu
661 1515 811 1580 ungimur«
826 1514 858 1569 B.
874 1521 916 1565 97.
930 1533 967 1567 sz.
988 1520 1056 1582 Reg.
1070 1518 1164 1570 Karoli
1187 1517 1224 1566 ΙΙ.
1246 1518 1304 1566 kot.
1329 1517 1388 1567 268.
1402 1515 1428 1576 1.,
1448 1528 1471 1563 u.
1483 1507 1513 1576 o.)

518 1800 553 1881 2)
568 1800 806 1866 Instructioncs
823 1799 920 1864 datae
951 1823 971 1864 a
996 1800 1123 1865 Karolo
1139 1800 1187 1865 II.
1203 1799 1295 1882 Rege
1312 1799 1442 1865 Siciliae
1456 1797 1515 1863 Mo-

407 1907 545 1972 ruldicio
562 1907 780 1973 Prothontino
797 1907 961 1972 Mclfictae
977 1928 1037 1989 pro
1055 1909 1239 1972 armationc
1255 1907 1430 1990 galearum,
1447 1927 1515 1988 quoe

408 2014 589 2080 conducent
604 2015 788 2079 Karolaum
804 2022 955 2098 nepotem
970 2017 1039 2081 eius
1054 2015 1088 2079 in
1103 2013 1294 2097 Vngariam.
1312 2014 1414 2080 XIX.
1425 2013 1513 2095 Madij

410 2119 516 2188 ΧΠΙ.
533 2122 730 2187 indictionis.

841 2269 885 2329 (o.
899 2284 923 2315 ο.
939 2272 998 2318 rer.
1013 2269 1104 2330 rever.)

895 2412 1053 2422 Μ,

943 2700 1015 2760 186.

414 2857 531 2920 Robert
548 2859 744 2943 Kdrclynak
776 2860 919 2923 kdlcso'ne
945 2885 967 2924 a
992 2859 1128 2924 Burdok
1143 2861 1294 2943 florenczi
1310 2856 1516 2925 kerecxeddnr'
1563 2887 1569 2900 ·

798 2967 1037 3052 to'rsosu'pdno'l.
1059 2971 1152 3031 1300.

521 3123 573 3187 Do
589 3126 693 3189 unciis
709 3127 781 3190 auri
797 3125 885 3190 mille
902 3127 1054 3192 trecentis
1071 3148 1091 3191 a
1107 3130 1264 3193 societate
1297 3128 1474 3192 Bardorum
1487 3123 1518 3187 de

414 3229 591 3294 Florenciu
614 3231 760 3296 «Iohanni
785 3232 824 3298 de
849 3233 1009 3316 Hanupiis
1025 3235 1153 3318 clerico,
1169 3235 1390 3302 Thesaurario
1400 3241 1431 3298 et
1445 3229 1518 3296 fumi·

417 3334 492 3398 liari
516 3334 636 3401 Karoli
675 3342 801 3422 nopotis
832 3340 934 3422 Regis
965 3340 1090 3426 (Sicilie
1122 3341 1244 3407 Karoli
1276 3341 1337 3428 II.)
1355 3350 1388 3408 et
1403 3335 1520 3406 diuersis

418 3442 515 3505 rebus
532 3443 636 3508 cidem
653 3451 761 3529 nepoti
778 3469 837 3529 pro
854 3450 996 3514 transitu
1012 3449 1081 3514 eius
1108 3449 1141 3512 in
1155 3449 1311 3531 Regnum
1327 3449 1467 3532 Vngorie
1480 3465 1521 3509 no-

419 3549 577 3631 cessantis,
594 3551 635 3614 nd
652 3553 898 3633 requisitionem
914 3551 1014 3620 Curio
1034 3555 1136 3638 Regis
1152 3554 1264 3621 Sicilie
1281 3557 1443 3622 mutuatis.
1457 3549 1521 3618 XX·

420 3657 527 3744 Modij
545 3660 646 3724 XIII.
663 3660 861 3730 indictionis

527 3803 561 3863 (Α
578 3805 873 3870 »Reg.A11gioini‹B.
898 3813 940 3858 97.
960 3824 998 3861 oz.
1011 3810 1079 3872 Reg.
1093 3809 1191 3862 Koroli
1215 3811 1252 3860 11.
1275 3811 1333 3862 noc
1350 3813 1445 3870 2621..
1462 3804 1523 3868 uo.)
