3234 5238
609 589 660 650 29.

86 765 207 841 Quirini
234 765 356 830 Tamo'e
382 763 535 828 veleucaet'
551 763 661 828 consul
687 773 716 828 1.
744 765 870 851 Kdroly
883 765 1013 829 sicilici
1028 766 1199 852 kirdlyboz

86 872 195 938 iutlzett
210 866 363 938 leoeldbeb
380 871 541 951 beicmeri,
556 873 638 960 bopy
660 869 803 938 Almiscc
828 874 951 958 teuperi
966 878 1063 938 vetros
1088 875 1121 936 ee
1148 873 1199 937 lte·

214 982 316 1047 rillete
332 1005 354 1046 a
369 1003 511 1068 mapyar
526 979 640 1066 kiroly
656 980 850 1046 birtolcu'bau
867 1003 940 1045 ocu.
961 983 1054 1044 1271.

178 1158 301 1226 Eodem
325 1158 447 1226 ibidem
477 1156 590 1241 (1271.
616 1155 696 1224 Bari
719 1160 839 1244 januar
866 1155 932 1243 25.)
959 1159 1116 1241 scripturn
1147 1163 1197 1222 est

16 1268 18 1271 ’
86 1265 233 1348 Magistro
249 1267 431 1336 Portulauo
448 1265 678 1346 Prothoutiuo,
699 1265 891 1332 Portulauis
908 1266 1084 1358 Megistris
1103 1263 1126 1329 J
1129 1287 1200 1330 ura-

87 1373 157 1438 ratis
171 1379 203 1439 et
218 1373 425 1442 Officialibus
442 1372 580 1456 siugulis
606 1393 664 1456 per
688 1379 796 1438 terras
821 1373 990 1439 Maritime
1015 1373 1049 1436 iu
1075 1371 1199 1458 Apulia

19 1524 21 1527 ψ
86 1480 261 1546 constitutis
278 1487 446 1566 presentes
462 1481 595 1546 lieteras
617 1480 823 1564 inspecturis.

181 1587 324 1654 Thomas
341 1584 499 1671 Quirinus
517 1585 639 1653 Consul
667 1585 870 1654 Venetorum
896 1588 930 1652 iu
956 1587 1082 1673 Apulia
1107 1587 1200 1654 uobis

88 1702 137 1762 etc.
152 1697 233 1779 quod
251 1695 370 1761 nobilis
387 1693 561 1778 virDrogo
578 1695 618 1760 de
634 1694 841 1760 Bellomoute
852 1701 910 1762 etc.
921 1698 1100 1776 occasione,
1113 1695 1202 1780 quod

87 1825 136 1886 per
149 1805 291 1888 pirratos
307 1799 447 1887 Almesij
464 1803 639 1872 vascellum
657 1802 830 1884 quoddam,
846 1801 879 1866 iu
911 1823 976 1886 quo
1002 1804 1202 1870 vehebantur

88 1910 216 1976 eiusdem
231 1909 429 1976 Marescalci
446 1918 481 1975 et
495 1909 747 1994 Archiepiscopi
764 1908 940 1976 Traneusis
957 1912 1110 1992 homiues,
1126 1913 1201 1993 equi

87 2023 115 2081 et
128 2017 208 2108 bona
230 2017 307 2100 alia,
322 2023 454 2101 captum
478 2013 549 2099 fuit,
574 2021 607 2081 et
632 2037 704 2082 cum
730 2016 851 2081 eisdem
867 2018 1024 2100 personis,
1051 2018 1143 2084 bouis
1169 2024 1202 2082 et

88 2127 175 2208 equis,
190 2147 248 2210 per
263 2125 408 2210 pirratos
424 2123 512 2208 ipsos
530 2124 703 2206 detentum,
723 2123 813 2190 vobis
830 2121 1025 2190 officialibus
1050 2147 1201 2209 expresse

89 2231 253 2314 mandauit,
279 2237 315 2298 vt
348 2253 514 2315 personas,
535 2271 572 2282 -
590 2269 634 2282 —
650 2237 742 2297 -et
767 2231 854 2298 bona
884 2227 1120 2316 Raguseorum
1144 2231 1202 2300 Ja-

91 2339 282 2406 dratinorum
307 2345 342 2405 et
367 2340 505 2406 aliorum
530 2339 795 2406 Dalmatiuorum
818 2335 963 2404 fidelium
984 2378 1023 2388 -
1044 2381 1079 2390 -
1099 2378 1143 2389 --
1159 2375 1203 2390 -—

88 2449 143 2512 riri
153 2447 271 2514 domini
286 2448 389 2515 Ducis
409 2446 622 2515 Veuetiarum
640 2449 788 2514 detinere
804 2454 837 2512 et
848 2455 1014 2513 arrestare
1030 2448 1203 2530 deberetis,

89 2576 140 2620 uec
152 2555 236 2639 ipsos
253 2553 421 2621 dimittere
436 2555 486 2621 vel
502 2556 652 2621 relaxare
667 2555 791 2638 absque
806 2554 908 2639 ipsius
940 2554 1135 2622 Merescalei
1165 2557 1204 2623 li·

88 2666 183 2729 centia
197 2671 232 2730 et
245 2665 411 2730 mandato.
428 2663 577 2746 Cumque
593 2672 721 2729 asserat
745 2663 912 2747 predictus
943 2663 1073 2748 Consul,
1104 2664 1205 2731 homi·

88 2791 138 2834 nes
152 2772 250 2856 ipsius
267 2769 378 2839 Oestri
395 2771 534 2858 Almesij
552 2793 616 2837 nou
633 2794 703 2838 esse
719 2773 760 2838 de
786 2771 951 2837 Distriotu
976 2793 1032 2838 seu
1057 2773 1206 2838 iurisdic-

86 2878 167 2942 tioue
196 2877 418 2960 Venetiamm,
451 2887 500 2946 set
531 2880 718 2945 immediate
758 2878 802 2944 ad
833 2879 993 2945 illustrem
1039 2880 1204 2946 dominum

90 2983 204 3068 Regem
221 2985 369 3071 Vngarie
384 2987 557 3072 pertinere,
574 2993 608 3051 et
623 2987 866 3071 supplicauerit,
892 2995 927 3053 vt
952 2991 1113 3054 securitas
1139 2985 1204 3056 Ve-

90 3094 165 3158 netis
194 3101 228 3160 et
257 3093 408 3161 fidelibus
440 3093 542 3160 Ducis
575 3094 789 3164 Venetiarnm
820 3095 948 3160 indulta
978 3119 1036 3180 per
1067 3097 1206 3182 Regiam

90 3199 290 3269 Maiestatem
306 3202 401 3268 illesa
426 3207 594 3283 seruetur;
626 3201 717 3268 vobis
743 3203 902 3268 uniuersis
928 3210 961 3270 et
986 3204 1122 3286 siugulis
1147 3214 1207 3272 etc.

91 3314 241 3390 quatenus
257 3307 402 3378 Venetos
417 3311 506 3394 ipsos
532 3315 564 3374 et
593 3307 705 3376 fideles
737 3310 881 3377 eiusdem
906 3309 1008 3376 Ducis
1039 3312 1208 3379 occasione

89 3416 224 3484 mandeti
240 3440 300 3503 per
316 3416 453 3484 eundem
468 3414 708 3486 Marescalcum
724 3417 805 3485 facti
824 3414 923 3499 vobis,
939 3417 989 3483 vel
1010 3417 1112 3484 alium
1136 3420 1208 3486 loco

91 3525 145 3606 sui,
159 3527 191 3594 in
206 3526 355 3613 personis
370 3527 421 3592 rel
436 3524 531 3593 bonis
547 3546 659 3592 eorum
685 3545 749 3591 uon
775 3526 966 3608 molestetis,
990 3548 1049 3592 nee
1079 3525 1209 3594 faciatis

90 3631 129 3698 ab
144 3635 215 3722 alijs
232 3633 410 3714 molestari,
426 3639 475 3700 set
491 3654 545 3699 eos
561 3636 594 3699 in
610 3634 710 3700 terris
727 3635 850 3700 domiui
876 3635 978 3718 Regis
1010 3637 1208 3720 permittatis

90 3751 307 3824 permanentes
338 3763 488 3822 securos;
520 3742 603 3809 sicut
641 3739 706 3827 hijs
738 3763 797 3826 per
826 3742 1039 3809 Maiestatem
1068 3745 1209 3826 Regiam

91 3856 136 3915 est
149 3851 317 3918 indultum.

192 4013 227 4073 (A
242 4013 543 4080 »Registrirtugioiub
558 4012 586 4063 ὓ.
602 4019 626 4064 9.
650 4029 686 4066 η.
713 4013 780 4079 Beg.
807 4013 908 4065 Keroli
931 4011 953 4062 I.
979 4013 1123 4064 rotettbol
1150 4018 1209 4065 224.

91 4097 193 4166 lev.;u.
207 4107 242 4164 o.)

566 4300 576 4310 ι
580 4301 594 4310 ι,
608 4301 725 4310 ——...--.-
