<?xml version="1.0" encoding="UTF-8"?>
<!DOCTYPE html PUBLIC "-//W3C//DTD XHTML 1.0 Transitional//EN"
    "http://www.w3.org/TR/xhtml1/DTD/xhtml1-transitional.dtd">
<html xmlns="http://www.w3.org/1999/xhtml" xml:lang="en" lang="en">
 <head>
  <title>
</title>
<meta http-equiv="Content-Type" content="text/html;charset=utf-8" />
  <meta name='ocr-system' content='tesseract 3.04.00' />
  <meta name='ocr-capabilities' content='ocr_page ocr_carea ocr_par ocr_line ocrx_word'/>
</head>
<body>
  <div class='ocr_page' id='page_1' title='image "./magyardiplomacz02wenzgoog_0259.png"; bbox 0 0 3170 5234; ppageno 0'>
   <div class='ocr_carea' id='block_1_1' title="bbox 640 791 714 868">
    <p class='ocr_par' dir='ltr' id='par_1_1' title="bbox 640 791 714 868">
     <span class='ocr_line' id='line_1_1' title="bbox 640 791 714 868; baseline -0.027 -16"><span class='ocrx_word' id='word_1_1' title='bbox 640 791 714 868; x_wconf 72' lang='lat' dir='ltr'>aaa,</span> 
     </span>
    </p>
   </div>
   <div class='ocr_carea' id='block_1_2' title="bbox 98 985 1226 1161">
    <p class='ocr_par' dir='ltr' id='par_1_2' title="bbox 98 985 1226 1161">
     <span class='ocr_line' id='line_1_2' title="bbox 98 985 1226 1072; baseline -0.007 -14"><span class='ocrx_word' id='word_1_2' title='bbox 98 995 262 1059; x_wconf 77' lang='lat' dir='ltr'>Rodoszlo</span> <span class='ocrx_word' id='word_1_3' title='bbox 279 993 416 1059; x_wconf 82' lang='lat' dir='ltr'>Lubcaii</span> <span class='ocrx_word' id='word_1_4' title='bbox 440 990 660 1056; x_wconf 76' lang='lat' dir='ltr'>Scardondbol</span> <span class='ocrx_word' id='word_1_5' title='bbox 687 988 838 1052; x_wconf 78' lang='lat' dir='ltr'>velenczec&#39;</span> <span class='ocrx_word' id='word_1_6' title='bbox 854 986 1039 1072; x_wconf 73' lang='lat' dir='ltr'>polyornak</span> <span class='ocrx_word' id='word_1_7' title='bbox 1047 985 1226 1072; x_wconf 74' lang='lat' dir='ltr'>felodtctils.</span> 
     </span>
     <span class='ocr_line' id='line_1_3' title="bbox 626 1097 718 1161; baseline -0.011 -3"><span class='ocrx_word' id='word_1_8' title='bbox 626 1097 718 1161; x_wconf 83' lang='lat'><strong><em>1321.</em></strong></span> 
     </span>
    </p>
   </div>
   <div class='ocr_carea' id='block_1_3' title="bbox 98 1272 1234 1470">
    <p class='ocr_par' dir='ltr' id='par_1_3' title="bbox 98 1272 1234 1470">
     <span class='ocr_line' id='line_1_4' title="bbox 208 1272 1234 1360; baseline -0.009 -15"><span class='ocrx_word' id='word_1_9' title='bbox 208 1280 378 1345; x_wconf 83' lang='lat' dir='ltr'>Johanues</span> <span class='ocrx_word' id='word_1_10' title='bbox 400 1275 622 1360; x_wconf 81' lang='lat' dir='ltr'>Superanoius</span> <span class='ocrx_word' id='word_1_11' title='bbox 633 1273 697 1339; x_wconf 88' lang='lat' dir='ltr'>Dei</span> <span class='ocrx_word' id='word_1_12' title='bbox 723 1275 837 1357; x_wconf 80' lang='lat' dir='ltr'>gracia</span> <span class='ocrx_word' id='word_1_13' title='bbox 868 1279 926 1337; x_wconf 86' lang='lat' dir='ltr'>etc.</span> <span class='ocrx_word' id='word_1_14' title='bbox 944 1272 1102 1338; x_wconf 75' lang='lat' dir='ltr'>uniuersis</span> <span class='ocrx_word' id='word_1_15' title='bbox 1119 1278 1152 1338; x_wconf 91' lang='lat' dir='ltr'>et</span> <span class='ocrx_word' id='word_1_16' title='bbox 1168 1273 1234 1337; x_wconf 87' lang='lat' dir='ltr'>siu-</span> 
     </span>
     <span class='ocr_line' id='line_1_5' title="bbox 98 1379 1233 1470; baseline -0.006 -20"><span class='ocrx_word' id='word_1_17' title='bbox 98 1385 188 1468; x_wconf 91' lang='lat' dir='ltr'>gulis</span> <span class='ocrx_word' id='word_1_18' title='bbox 205 1393 274 1452; x_wconf 81' lang='lat' dir='ltr'>tam</span> <span class='ocrx_word' id='word_1_19' title='bbox 290 1386 493 1470; x_wconf 80' lang='lat' dir='ltr'>presentibus</span> <span class='ocrx_word' id='word_1_20' title='bbox 510 1406 608 1467; x_wconf 90' lang='lat' dir='ltr'>quam</span> <span class='ocrx_word' id='word_1_21' title='bbox 624 1382 749 1464; x_wconf 86' lang='lat' dir='ltr'>futuris,</span> <span class='ocrx_word' id='word_1_22' title='bbox 760 1389 792 1447; x_wconf 93' lang='lat' dir='ltr'>et</span> <span class='ocrx_word' id='word_1_23' title='bbox 807 1389 874 1446; x_wconf 86' lang='lat' dir='ltr'>tam</span> <span class='ocrx_word' id='word_1_24' title='bbox 891 1380 1004 1444; x_wconf 90' lang='lat' dir='ltr'>amicis</span> <span class='ocrx_word' id='word_1_25' title='bbox 1020 1401 1116 1463; x_wconf 87' lang='lat' dir='ltr'>quam</span> <span class='ocrx_word' id='word_1_26' title='bbox 1131 1379 1233 1444; x_wconf 86' lang='lat' dir='ltr'>tideli-</span> 
     </span>
    </p>
   </div>
   <div class='ocr_carea' id='block_1_4' title="bbox 1 1487 1233 1582">
    <p class='ocr_par' dir='ltr' id='par_1_4' title="bbox 1 1487 1233 1582">
     <span class='ocr_line' id='line_1_6' title="bbox 1 1487 1233 1582; baseline -0.007 -19"><span class='ocrx_word' id='word_1_27' title='bbox 1 1578 3 1582; x_wconf 9' lang='grc' dir='ltr'><em>γ</em></span> <span class='ocrx_word' id='word_1_28' title='bbox 99 1499 174 1575; x_wconf 91' lang='lat' dir='ltr'>hus,</span> <span class='ocrx_word' id='word_1_29' title='bbox 190 1516 325 1579; x_wconf 83' lang='lat' dir='ltr'>presens</span> <span class='ocrx_word' id='word_1_30' title='bbox 350 1491 560 1577; x_wconf 89' lang='lat' dir='ltr'>priuilegium</span> <span class='ocrx_word' id='word_1_31' title='bbox 580 1492 774 1574; x_wconf 89' lang='lat' dir='ltr'>inspecturis</span> <span class='ocrx_word' id='word_1_32' title='bbox 794 1489 931 1555; x_wconf 87' lang='lat' dir='ltr'>salntem</span> <span class='ocrx_word' id='word_1_33' title='bbox 947 1495 980 1553; x_wconf 91' lang='lat' dir='ltr'>et</span> <span class='ocrx_word' id='word_1_34' title='bbox 996 1489 1119 1552; x_wconf 86' lang='lat' dir='ltr'>sincere</span> <span class='ocrx_word' id='word_1_35' title='bbox 1136 1487 1233 1568; x_wconf 84' lang='lat' dir='ltr'>dilec-</span> 
     </span>
    </p>
   </div>
   <div class='ocr_carea' id='block_1_5' title="bbox 1 1595 1237 2116">
    <p class='ocr_par' dir='ltr' id='par_1_5' title="bbox 1 1595 1236 2005">
     <span class='ocr_line' id='line_1_7' title="bbox 1 1595 1236 1692; baseline -0.006 -22"><span class='ocrx_word' id='word_1_36' title='bbox 1 1599 2 1604; x_wconf 60' lang='grc'>’</span> <span class='ocrx_word' id='word_1_37' title='bbox 96 1604 201 1692; x_wconf 83' lang='lat' dir='ltr'>tionis</span> <span class='ocrx_word' id='word_1_38' title='bbox 231 1601 393 1668; x_wconf 82' lang='lat' dir='ltr'>affectum.</span> <span class='ocrx_word' id='word_1_39' title='bbox 421 1597 554 1683; x_wconf 81' lang='lat' dir='ltr'>Quanto</span> <span class='ocrx_word' id='word_1_40' title='bbox 583 1598 721 1664; x_wconf 88' lang='lat' dir='ltr'>Ducalis</span> <span class='ocrx_word' id='word_1_41' title='bbox 751 1597 936 1681; x_wconf 77' lang='lat' dir='ltr'>benignitas</span> <span class='ocrx_word' id='word_1_42' title='bbox 961 1616 1119 1680; x_wconf 82' lang='lat' dir='ltr'>personas</span> <span class='ocrx_word' id='word_1_43' title='bbox 1153 1595 1236 1662; x_wconf 89' lang='lat' dir='ltr'>fidas</span> 
     </span>
     <span class='ocr_line' id='line_1_8' title="bbox 96 1703 1233 1794; baseline -0.007 -18"><span class='ocrx_word' id='word_1_44' title='bbox 96 1713 229 1794; x_wconf 84' lang='lat' dir='ltr'>sibique</span> <span class='ocrx_word' id='word_1_45' title='bbox 258 1709 389 1774; x_wconf 76' lang='lat' dir='ltr'>devotas</span> <span class='ocrx_word' id='word_1_46' title='bbox 424 1707 558 1792; x_wconf 89' lang='lat' dir='ltr'>speciali</span> <span class='ocrx_word' id='word_1_47' title='bbox 587 1708 726 1772; x_wconf 86' lang='lat' dir='ltr'>caritate</span> <span class='ocrx_word' id='word_1_48' title='bbox 756 1705 992 1789; x_wconf 71' lang='lat' dir='ltr'>complectitur,</span> <span class='ocrx_word' id='word_1_49' title='bbox 1021 1703 1233 1788; x_wconf 88' lang='lat' dir='ltr'>benignisque</span> 
     </span>
     <span class='ocr_line' id='line_1_9' title="bbox 96 1813 1235 1903; baseline -0.004 -20"><span class='ocrx_word' id='word_1_50' title='bbox 96 1817 271 1886; x_wconf 87' lang='lat' dir='ltr'>fauoribus</span> <span class='ocrx_word' id='word_1_51' title='bbox 294 1819 450 1903; x_wconf 83' lang='lat' dir='ltr'>prosequi</span> <span class='ocrx_word' id='word_1_52' title='bbox 477 1817 666 1894; x_wconf 87' lang='lat' dir='ltr'>delectatur,</span> <span class='ocrx_word' id='word_1_53' title='bbox 686 1837 725 1880; x_wconf 89' lang='lat' dir='ltr'>ac</span> <span class='ocrx_word' id='word_1_54' title='bbox 745 1819 831 1898; x_wconf 87' lang='lat' dir='ltr'>ipsas</span> <span class='ocrx_word' id='word_1_55' title='bbox 851 1815 1058 1898; x_wconf 83' lang='lat' dir='ltr'>prerogativa</span> <span class='ocrx_word' id='word_1_56' title='bbox 1074 1813 1235 1879; x_wconf 89' lang='lat' dir='ltr'>honorum</span> 
     </span>
     <span class='ocr_line' id='line_1_10' title="bbox 98 1921 1234 2005; baseline -0.004 -15"><span class='ocrx_word' id='word_1_57' title='bbox 98 1935 132 1990; x_wconf 89' lang='lat' dir='ltr'>et</span> <span class='ocrx_word' id='word_1_58' title='bbox 162 1924 398 2005; x_wconf 68' lang='lat' dir='ltr'>benefitiorum,</span> <span class='ocrx_word' id='word_1_59' title='bbox 425 1923 648 1990; x_wconf 79' lang='lat' dir='ltr'>laudabilibus</span> <span class='ocrx_word' id='word_1_60' title='bbox 677 1945 789 1988; x_wconf 89' lang='lat' dir='ltr'>earum</span> <span class='ocrx_word' id='word_1_61' title='bbox 820 1921 1088 1988; x_wconf 83' lang='lat' dir='ltr'>concurrentibus</span> <span class='ocrx_word' id='word_1_62' title='bbox 1109 1921 1234 1986; x_wconf 89' lang='lat' dir='ltr'>meritis</span> 
     </span>
    </p>

    <p class='ocr_par' dir='ltr' id='par_1_6' title="bbox 99 2027 1237 2116">
     <span class='ocr_line' id='line_1_11' title="bbox 99 2027 1237 2116; baseline -0.004 -19"><span class='ocrx_word' id='word_1_63' title='bbox 99 2033 183 2098; x_wconf 82' lang='lat' dir='ltr'>lucit</span> <span class='ocrx_word' id='word_1_64' title='bbox 210 2055 281 2098; x_wconf 89' lang='lat' dir='ltr'>esse</span> <span class='ocrx_word' id='word_1_65' title='bbox 296 2033 481 2116; x_wconf 82' lang='lat' dir='ltr'>participes,</span> <span class='ocrx_word' id='word_1_66' title='bbox 498 2037 588 2096; x_wconf 87' lang='lat' dir='ltr'>tanto</span> <span class='ocrx_word' id='word_1_67' title='bbox 605 2031 778 2113; x_wconf 82' lang='lat' dir='ltr'>gloriosior</span> <span class='ocrx_word' id='word_1_68' title='bbox 797 2037 829 2094; x_wconf 90' lang='lat' dir='ltr'>et</span> <span class='ocrx_word' id='word_1_69' title='bbox 846 2027 976 2109; x_wconf 85' lang='lat' dir='ltr'>dignior</span> <span class='ocrx_word' id='word_1_70' title='bbox 991 2027 1188 2110; x_wconf 81' lang='lat' dir='ltr'>predicatur,</span> <span class='ocrx_word' id='word_1_71' title='bbox 1205 2035 1237 2092; x_wconf 89' lang='lat' dir='ltr'>et</span> 
     </span>
    </p>
   </div>
   <div class='ocr_carea' id='block_1_6' title="bbox 1 2137 1358 2224">
    <p class='ocr_par' dir='ltr' id='par_1_7' title="bbox 1 2137 1358 2224">
     <span class='ocr_line' id='line_1_12' title="bbox 1 2137 1358 2224; baseline -0.001 -20"><span class='ocrx_word' id='word_1_72' title='bbox 1 2183 2 2198; x_wconf 45' lang='lat' dir='ltr'>t</span> <span class='ocrx_word' id='word_1_73' title='bbox 98 2147 231 2208; x_wconf 88' lang='lat' dir='ltr'>mentes</span> <span class='ocrx_word' id='word_1_74' title='bbox 255 2143 401 2224; x_wconf 88' lang='lat' dir='ltr'>ipsarum</span> <span class='ocrx_word' id='word_1_75' title='bbox 427 2139 469 2205; x_wconf 90' lang='lat' dir='ltr'>ad</span> <span class='ocrx_word' id='word_1_76' title='bbox 495 2139 665 2205; x_wconf 88' lang='lat' dir='ltr'>fidelitatis</span> <span class='ocrx_word' id='word_1_77' title='bbox 682 2147 715 2204; x_wconf 91' lang='lat' dir='ltr'>et</span> <span class='ocrx_word' id='word_1_78' title='bbox 732 2138 913 2204; x_wconf 86' lang='lat' dir='ltr'>devotionis</span> <span class='ocrx_word' id='word_1_79' title='bbox 939 2137 1156 2202; x_wconf 86' lang='lat' dir='ltr'>constantiam</span> <span class='ocrx_word' id='word_1_80' title='bbox 1172 2137 1236 2202; x_wconf 84' lang='lat' dir='ltr'>fer·</span> <span class='ocrx_word' id='word_1_81' title='bbox 1355 2152 1358 2160; x_wconf 90' lang='grc'><strong><em>·</em></strong></span> 
     </span>
    </p>
   </div>
   <div class='ocr_carea' id='block_1_7' title="bbox 1 2231 1239 2440">
    <p class='ocr_par' dir='ltr' id='par_1_8' title="bbox 1 2231 1239 2462">
     <span class='ocr_line' id='line_1_13' title="bbox 1 2231 1239 2331; baseline -0.002 -19"><span class='ocrx_word' id='word_1_82' title='bbox 1 2231 2 2312; x_wconf 56' lang='lat' dir='ltr'>l</span> <span class='ocrx_word' id='word_1_83' title='bbox 101 2251 237 2314; x_wconf 88' lang='lat' dir='ltr'>uentius</span> <span class='ocrx_word' id='word_1_84' title='bbox 263 2248 491 2314; x_wconf 87' lang='lat' dir='ltr'>accenduntur.</span> <span class='ocrx_word' id='word_1_85' title='bbox 511 2247 600 2313; x_wconf 91' lang='lat' dir='ltr'>Hinc</span> <span class='ocrx_word' id='word_1_86' title='bbox 621 2255 680 2326; x_wconf 89' lang='lat' dir='ltr'>est,</span> <span class='ocrx_word' id='word_1_87' title='bbox 697 2246 785 2331; x_wconf 90' lang='lat' dir='ltr'>quod</span> <span class='ocrx_word' id='word_1_88' title='bbox 801 2267 859 2311; x_wconf 90' lang='lat' dir='ltr'>uos</span> <span class='ocrx_word' id='word_1_89' title='bbox 876 2245 1120 2310; x_wconf 85' lang='lat' dir='ltr'>considerantes</span> <span class='ocrx_word' id='word_1_90' title='bbox 1135 2246 1239 2327; x_wconf 91' lang='lat' dir='ltr'>integ·</span> 
     </span>
     <span class='ocr_line' id='line_1_14' title="bbox 102 2353 1239 2440; baseline -0.002 -18.163"><span class='ocrx_word' id='word_1_91' title='bbox 102 2358 241 2422; x_wconf 86' lang='lat' dir='ltr'>ritatem</span> <span class='ocrx_word' id='word_1_92' title='bbox 268 2357 448 2422; x_wconf 85' lang='lat' dir='ltr'>devotionis</span> <span class='ocrx_word' id='word_1_93' title='bbox 468 2363 501 2420; x_wconf 86' lang='lat' dir='ltr'>et</span> <span class='ocrx_word' id='word_1_94' title='bbox 516 2356 600 2436; x_wconf 88' lang='lat' dir='ltr'>fidei,</span> <span class='ocrx_word' id='word_1_95' title='bbox 616 2378 715 2440; x_wconf 89' lang='lat' dir='ltr'>quam</span> <span class='ocrx_word' id='word_1_96' title='bbox 732 2355 851 2420; x_wconf 90' lang='lat' dir='ltr'>nobilis</span> <span class='ocrx_word' id='word_1_97' title='bbox 867 2360 901 2420; x_wconf 88' lang='lat' dir='ltr'>ct</span> <span class='ocrx_word' id='word_1_98' title='bbox 915 2353 1045 2436; x_wconf 89' lang='lat' dir='ltr'>sapiens</span> <span class='ocrx_word' id='word_1_99' title='bbox 1063 2359 1113 2416; x_wconf 87' lang='lat' dir='ltr'>vtr</span> <span class='ocrx_word' id='word_1_100' title='bbox 1129 2353 1239 2420; x_wconf 87' lang='lat' dir='ltr'>Rado-</span> 
     </span>
    </p>
   </div>
   <div class='ocr_carea' id='block_1_8' title="bbox 104 2462 1242 2546">
    <p class='ocr_par' dir='ltr' id='par_1_9' title="bbox 1 2462 1242 2550">
     <span class='ocr_line' id='line_1_15' title="bbox 104 2462 1242 2546; baseline -0.002 -15.249"><span class='ocrx_word' id='word_1_101' title='bbox 104 2468 219 2533; x_wconf 84' lang='lat' dir='ltr'>slavus</span> <span class='ocrx_word' id='word_1_102' title='bbox 245 2465 403 2532; x_wconf 89' lang='lat' dir='ltr'>Lubantii</span> <span class='ocrx_word' id='word_1_103' title='bbox 418 2465 459 2530; x_wconf 93' lang='lat' dir='ltr'>de</span> <span class='ocrx_word' id='word_1_104' title='bbox 475 2464 646 2532; x_wconf 84' lang='lat' dir='ltr'>Scardona</span> <span class='ocrx_word' id='word_1_105' title='bbox 662 2464 706 2530; x_wconf 88' lang='lat' dir='ltr'>ad</span> <span class='ocrx_word' id='word_1_106' title='bbox 720 2462 979 2546; x_wconf 85' lang='lat' dir='ltr'>magnitudinem</span> <span class='ocrx_word' id='word_1_107' title='bbox 994 2470 1139 2528; x_wconf 87' lang='lat' dir='ltr'>nostram</span> <span class='ocrx_word' id='word_1_108' title='bbox 1155 2466 1242 2528; x_wconf 86' lang='lat' dir='ltr'>omni</span> 
     </span>
    </p>
   </div>
   <div class='ocr_carea' id='block_1_9' title="bbox 105 2571 1239 2658">
    <p class='ocr_par' dir='ltr' id='par_1_10' title="bbox 105 2571 1239 2658">
     <span class='ocr_line' id='line_1_16' title="bbox 105 2571 1239 2658; baseline -0.002 -18"><span class='ocrx_word' id='word_1_109' title='bbox 105 2575 349 2658; x_wconf 85' lang='lat' dir='ltr'>promtitudine</span> <span class='ocrx_word' id='word_1_110' title='bbox 376 2575 563 2655; x_wconf 84' lang='lat' dir='ltr'>voluntatis,</span> <span class='ocrx_word' id='word_1_111' title='bbox 592 2595 631 2638; x_wconf 89' lang='lat' dir='ltr'>ac</span> <span class='ocrx_word' id='word_1_112' title='bbox 656 2573 839 2654; x_wconf 87' lang='lat' dir='ltr'>deuotione,</span> <span class='ocrx_word' id='word_1_113' title='bbox 855 2571 1042 2656; x_wconf 87' lang='lat' dir='ltr'>plenissime</span> <span class='ocrx_word' id='word_1_114' title='bbox 1068 2592 1182 2654; x_wconf 88' lang='lat' dir='ltr'>gerere</span> <span class='ocrx_word' id='word_1_115' title='bbox 1206 2595 1239 2638; x_wconf 91' lang='lat' dir='ltr'>se</span> 
     </span>
    </p>
   </div>
   <div class='ocr_carea' id='block_1_10' title="bbox 106 2678 1246 3200">
    <p class='ocr_par' dir='ltr' id='par_1_11' title="bbox 1 2665 1246 3200">
     <span class='ocr_line' id='line_1_17' title="bbox 106 2678 1244 2764; baseline 0 -18"><span class='ocrx_word' id='word_1_116' title='bbox 106 2682 266 2764; x_wconf 87' lang='lat' dir='ltr'>ostendit,</span> <span class='ocrx_word' id='word_1_117' title='bbox 291 2684 359 2746; x_wconf 90' lang='lat' dir='ltr'>eius</span> <span class='ocrx_word' id='word_1_118' title='bbox 377 2679 669 2764; x_wconf 76' lang='lat' dir='ltr'>supplicitionibus</span> <span class='ocrx_word' id='word_1_119' title='bbox 689 2688 727 2745; x_wconf 92' lang='lat' dir='ltr'>ut</span> <span class='ocrx_word' id='word_1_120' title='bbox 742 2680 845 2762; x_wconf 91' lang='lat' dir='ltr'>ipsius</span> <span class='ocrx_word' id='word_1_121' title='bbox 862 2679 1000 2757; x_wconf 84' lang='lat' dir='ltr'>devotio,</span> <span class='ocrx_word' id='word_1_122' title='bbox 1014 2678 1090 2744; x_wconf 89' lang='lat' dir='ltr'>fidei</span> <span class='ocrx_word' id='word_1_123' title='bbox 1106 2679 1244 2762; x_wconf 89' lang='lat' dir='ltr'>placidis</span> 
     </span>
     <span class='ocr_line' id='line_1_18' title="bbox 107 2785 1242 2872; baseline -0.002 -17.256"><span class='ocrx_word' id='word_1_124' title='bbox 107 2791 199 2855; x_wconf 89' lang='lat' dir='ltr'>fulta</span> <span class='ocrx_word' id='word_1_125' title='bbox 225 2786 398 2868; x_wconf 72' lang='lat' dir='ltr'>favoribus</span> <span class='ocrx_word' id='word_1_126' title='bbox 423 2789 659 2854; x_wconf 89' lang='lat' dir='ltr'>incrementum</span> <span class='ocrx_word' id='word_1_127' title='bbox 683 2788 850 2872; x_wconf 88' lang='lat' dir='ltr'>suscipiat,</span> <span class='ocrx_word' id='word_1_128' title='bbox 871 2789 1008 2870; x_wconf 87' lang='lat' dir='ltr'>benigne</span> <span class='ocrx_word' id='word_1_129' title='bbox 1024 2785 1171 2854; x_wconf 86' lang='lat' dir='ltr'>duximus</span> <span class='ocrx_word' id='word_1_130' title='bbox 1187 2810 1242 2853; x_wconf 85' lang='lat' dir='ltr'>an-</span> 
     </span>
     <span class='ocr_line' id='line_1_19' title="bbox 109 2897 1245 2980; baseline -0.004 -15.434"><span class='ocrx_word' id='word_1_131' title='bbox 109 2899 287 2978; x_wconf 89' lang='lat' dir='ltr'>nuendum,</span> <span class='ocrx_word' id='word_1_132' title='bbox 315 2918 451 2980; x_wconf 89' lang='lat' dir='ltr'>eumque</span> <span class='ocrx_word' id='word_1_133' title='bbox 481 2898 625 2963; x_wconf 91' lang='lat' dir='ltr'>omnium</span> <span class='ocrx_word' id='word_1_134' title='bbox 653 2897 860 2963; x_wconf 91' lang='lat' dir='ltr'>consiliorum</span> <span class='ocrx_word' id='word_1_135' title='bbox 889 2905 922 2962; x_wconf 89' lang='lat' dir='ltr'>et</span> <span class='ocrx_word' id='word_1_136' title='bbox 946 2897 1245 2963; x_wconf 87' lang='lat' dir='ltr'>ordinamentorum</span> 
     </span>
     <span class='ocr_line' id='line_1_20' title="bbox 110 3003 1246 3086; baseline -0.006 -11.608"><span class='ocrx_word' id='word_1_137' title='bbox 110 3015 303 3074; x_wconf 89' lang='lat' dir='ltr'>nostrorum</span> <span class='ocrx_word' id='word_1_138' title='bbox 312 3006 518 3070; x_wconf 89' lang='lat' dir='ltr'>solemnitate</span> <span class='ocrx_word' id='word_1_139' title='bbox 529 3013 669 3086; x_wconf 87' lang='lat' dir='ltr'>seruata,</span> <span class='ocrx_word' id='word_1_140' title='bbox 681 3029 753 3070; x_wconf 90' lang='lat' dir='ltr'>cum</span> <span class='ocrx_word' id='word_1_141' title='bbox 770 3006 835 3071; x_wconf 87' lang='lat' dir='ltr'>suis</span> <span class='ocrx_word' id='word_1_142' title='bbox 852 3003 1026 3071; x_wconf 84' lang='lat' dir='ltr'>heredibus</span> <span class='ocrx_word' id='word_1_143' title='bbox 1042 3011 1076 3070; x_wconf 91' lang='lat' dir='ltr'>et</span> <span class='ocrx_word' id='word_1_144' title='bbox 1091 3004 1246 3069; x_wconf 90' lang='lat' dir='ltr'>heredum</span> 
     </span>
     <span class='ocr_line' id='line_1_21' title="bbox 111 3112 1243 3200; baseline -0.005 -19"><span class='ocrx_word' id='word_1_145' title='bbox 111 3120 277 3200; x_wconf 88' lang='lat' dir='ltr'>perpetuo</span> <span class='ocrx_word' id='word_1_146' title='bbox 303 3112 538 3178; x_wconf 84' lang='lat' dir='ltr'>successoribus</span> <span class='ocrx_word' id='word_1_147' title='bbox 564 3133 623 3196; x_wconf 89' lang='lat' dir='ltr'>per</span> <span class='ocrx_word' id='word_1_148' title='bbox 640 3119 761 3178; x_wconf 90' lang='lat' dir='ltr'>rectam</span> <span class='ocrx_word' id='word_1_149' title='bbox 777 3113 895 3180; x_wconf 86' lang='lat' dir='ltr'>lineam</span> <span class='ocrx_word' id='word_1_150' title='bbox 913 3112 1192 3189; x_wconf 69' lang='lat' dir='ltr'>descendentibus</span> <span class='ocrx_word' id='word_1_151' title='bbox 1209 3113 1243 3176; x_wconf 93' lang='lat' dir='ltr'>in</span> 
     </span>
    </p>
   </div>
   <div class='ocr_carea' id='block_1_11' title="bbox 112 3213 1247 3289">
    <p class='ocr_par' dir='ltr' id='par_1_12' title="bbox 112 3213 1247 3289">
     <span class='ocr_line' id='line_1_22' title="bbox 112 3213 1247 3289; baseline -0.004 0"><span class='ocrx_word' id='word_1_152' title='bbox 112 3213 273 3289; x_wconf 84' lang='lat' dir='ltr'>dilectum</span> <span class='ocrx_word' id='word_1_153' title='bbox 296 3227 329 3286; x_wconf 90' lang='lat' dir='ltr'>et</span> <span class='ocrx_word' id='word_1_154' title='bbox 353 3219 578 3287; x_wconf 88' lang='lat' dir='ltr'>honorabilem</span> <span class='ocrx_word' id='word_1_155' title='bbox 604 3222 708 3286; x_wconf 89' lang='lat' dir='ltr'>ciuem</span> <span class='ocrx_word' id='word_1_156' title='bbox 733 3227 766 3287; x_wconf 93' lang='lat' dir='ltr'>et</span> <span class='ocrx_word' id='word_1_157' title='bbox 791 3220 955 3288; x_wconf 79' lang='lat' dir='ltr'>Venatum</span> <span class='ocrx_word' id='word_1_158' title='bbox 972 3230 1120 3287; x_wconf 89' lang='lat' dir='ltr'>nostrum</span> <span class='ocrx_word' id='word_1_159' title='bbox 1135 3242 1247 3286; x_wconf 85' lang='lat' dir='ltr'>verum</span> 
     </span>
    </p>
   </div>
   <div class='ocr_carea' id='block_1_12' title="bbox 3 3330 1250 3632">
    <p class='ocr_par' dir='ltr' id='par_1_13' title="bbox 3 3330 1250 3632">
     <span class='ocr_line' id='line_1_23' title="bbox 3 3330 1249 3415; baseline 0.001 -23"><span class='ocrx_word' id='word_1_160' title='bbox 3 3387 5 3392; x_wconf 81' lang='grc'>,</span> <span class='ocrx_word' id='word_1_161' title='bbox 113 3338 148 3398; x_wconf 90' lang='lat' dir='ltr'>et</span> <span class='ocrx_word' id='word_1_162' title='bbox 158 3330 340 3414; x_wconf 83' lang='lat' dir='ltr'>perlectum</span> <span class='ocrx_word' id='word_1_163' title='bbox 356 3331 536 3413; x_wconf 89' lang='lat' dir='ltr'>recepimus</span> <span class='ocrx_word' id='word_1_164' title='bbox 552 3338 651 3415; x_wconf 88' lang='lat' dir='ltr'>atque</span> <span class='ocrx_word' id='word_1_165' title='bbox 668 3331 851 3414; x_wconf 88' lang='lat' dir='ltr'>recipimus,</span> <span class='ocrx_word' id='word_1_166' title='bbox 869 3338 901 3397; x_wconf 89' lang='lat' dir='ltr'>et</span> <span class='ocrx_word' id='word_1_167' title='bbox 917 3332 1081 3400; x_wconf 85' lang='lat' dir='ltr'>Venatum</span> <span class='ocrx_word' id='word_1_168' title='bbox 1098 3335 1131 3394; x_wconf 90' lang='lat' dir='ltr'>et</span> <span class='ocrx_word' id='word_1_169' title='bbox 1146 3331 1249 3395; x_wconf 90' lang='lat' dir='ltr'>ciuem</span> 
     </span>
     <span class='ocr_line' id='line_1_24' title="bbox 3 3435 1249 3523; baseline -0.003 -19"><span class='ocrx_word' id='word_1_170' title='bbox 3 3441 4 3452; x_wconf 75' lang='grc'>’</span> <span class='ocrx_word' id='word_1_171' title='bbox 113 3445 267 3504; x_wconf 88' lang='lat' dir='ltr'>nostrum</span> <span class='ocrx_word' id='word_1_172' title='bbox 291 3435 515 3502; x_wconf 86' lang='lat' dir='ltr'>honorabilem</span> <span class='ocrx_word' id='word_1_173' title='bbox 540 3437 682 3519; x_wconf 87' lang='lat' dir='ltr'>fecimus,</span> <span class='ocrx_word' id='word_1_174' title='bbox 709 3444 742 3503; x_wconf 91' lang='lat' dir='ltr'>et</span> <span class='ocrx_word' id='word_1_175' title='bbox 758 3460 817 3521; x_wconf 91' lang='lat' dir='ltr'>pro</span> <span class='ocrx_word' id='word_1_176' title='bbox 836 3437 955 3504; x_wconf 90' lang='lat' dir='ltr'>dilecto</span> <span class='ocrx_word' id='word_1_177' title='bbox 971 3447 1005 3506; x_wconf 94' lang='lat' dir='ltr'>et</span> <span class='ocrx_word' id='word_1_178' title='bbox 1020 3438 1166 3523; x_wconf 85' lang='lat' dir='ltr'>perlecto</span> <span class='ocrx_word' id='word_1_179' title='bbox 1183 3439 1249 3502; x_wconf 80' lang='lat' dir='ltr'>cire</span> 
     </span>
     <span class='ocr_line' id='line_1_25' title="bbox 4 3545 1250 3632; baseline -0.004 -19"><span class='ocrx_word' id='word_1_180' title='bbox 4 3551 6 3570; x_wconf 80' lang='lat'>³</span> <span class='ocrx_word' id='word_1_181' title='bbox 113 3555 147 3613; x_wconf 89' lang='lat' dir='ltr'>et</span> <span class='ocrx_word' id='word_1_182' title='bbox 175 3545 305 3612; x_wconf 89' lang='lat' dir='ltr'>Veneto</span> <span class='ocrx_word' id='word_1_183' title='bbox 331 3552 452 3625; x_wconf 89' lang='lat' dir='ltr'>nostro,</span> <span class='ocrx_word' id='word_1_184' title='bbox 477 3545 667 3628; x_wconf 75' lang='lat' dir='ltr'>ubicumque</span> <span class='ocrx_word' id='word_1_185' title='bbox 694 3553 725 3610; x_wconf 89' lang='lat' dir='ltr'>et</span> <span class='ocrx_word' id='word_1_186' title='bbox 751 3568 879 3632; x_wconf 89' lang='lat' dir='ltr'>semper</span> <span class='ocrx_word' id='word_1_187' title='bbox 903 3549 936 3612; x_wconf 93' lang='lat' dir='ltr'>in</span> <span class='ocrx_word' id='word_1_188' title='bbox 958 3547 1106 3614; x_wconf 87' lang='lat' dir='ltr'>Venetiis</span> <span class='ocrx_word' id='word_1_189' title='bbox 1122 3554 1155 3612; x_wconf 90' lang='lat' dir='ltr'>et</span> <span class='ocrx_word' id='word_1_190' title='bbox 1170 3545 1250 3611; x_wconf 91' lang='lat' dir='ltr'>alibi</span> 
     </span>
    </p>
   </div>
   <div class='ocr_carea' id='block_1_13' title="bbox 114 3651 1260 4714">
    <p class='ocr_par' dir='ltr' id='par_1_14' title="bbox 114 3651 1260 4714">
     <span class='ocr_line' id='line_1_26' title="bbox 114 3651 1251 3738; baseline -0.005 -17"><span class='ocrx_word' id='word_1_191' title='bbox 114 3653 238 3720; x_wconf 89' lang='lat' dir='ltr'>amodo</span> <span class='ocrx_word' id='word_1_192' title='bbox 265 3659 297 3718; x_wconf 91' lang='lat' dir='ltr'>et</span> <span class='ocrx_word' id='word_1_193' title='bbox 322 3651 475 3736; x_wconf 84' lang='lat' dir='ltr'>deinceps</span> <span class='ocrx_word' id='word_1_194' title='bbox 494 3653 617 3732; x_wconf 88' lang='lat' dir='ltr'>haberi,</span> <span class='ocrx_word' id='word_1_195' title='bbox 633 3657 803 3738; x_wconf 87' lang='lat' dir='ltr'>procurari</span> <span class='ocrx_word' id='word_1_196' title='bbox 819 3657 906 3721; x_wconf 92' lang='lat' dir='ltr'>omni</span> <span class='ocrx_word' id='word_1_197' title='bbox 923 3657 1094 3722; x_wconf 86' lang='lat' dir='ltr'>effectuae</span> <span class='ocrx_word' id='word_1_198' title='bbox 1110 3653 1251 3738; x_wconf 88' lang='lat' dir='ltr'>plenitu-</span> 
     </span>
     <span class='ocr_line' id='line_1_27' title="bbox 115 3758 1251 3848; baseline -0.006 -20"><span class='ocrx_word' id='word_1_199' title='bbox 115 3763 194 3829; x_wconf 89' lang='lat' dir='ltr'>diue</span> <span class='ocrx_word' id='word_1_200' title='bbox 211 3759 358 3826; x_wconf 73' lang='lat' dir='ltr'>volumus</span> <span class='ocrx_word' id='word_1_201' title='bbox 375 3767 407 3825; x_wconf 88' lang='lat' dir='ltr'>et</span> <span class='ocrx_word' id='word_1_202' title='bbox 424 3761 573 3826; x_wconf 89' lang='lat' dir='ltr'>tractari.</span> <span class='ocrx_word' id='word_1_203' title='bbox 591 3758 788 3844; x_wconf 84' lang='lat' dir='ltr'>Statuentes,</span> <span class='ocrx_word' id='word_1_204' title='bbox 820 3763 908 3848; x_wconf 92' lang='lat' dir='ltr'>quod</span> <span class='ocrx_word' id='word_1_205' title='bbox 940 3765 1074 3848; x_wconf 90' lang='lat' dir='ltr'>singulis</span> <span class='ocrx_word' id='word_1_206' title='bbox 1090 3759 1251 3828; x_wconf 85' lang='lat' dir='ltr'>libertati-</span> 
     </span>
     <span class='ocr_line' id='line_1_28' title="bbox 115 3865 1251 3954; baseline -0.006 -17"><span class='ocrx_word' id='word_1_207' title='bbox 115 3871 190 3950; x_wconf 89' lang='lat' dir='ltr'>bus,</span> <span class='ocrx_word' id='word_1_208' title='bbox 207 3868 437 3934; x_wconf 88' lang='lat' dir='ltr'>securitatibus</span> <span class='ocrx_word' id='word_1_209' title='bbox 463 3870 656 3954; x_wconf 84' lang='lat' dir='ltr'>privilegiis,</span> <span class='ocrx_word' id='word_1_210' title='bbox 687 3871 926 3950; x_wconf 88' lang='lat' dir='ltr'>imunitatibus,</span> <span class='ocrx_word' id='word_1_211' title='bbox 943 3873 1057 3954; x_wconf 87' lang='lat' dir='ltr'>gratiis</span> <span class='ocrx_word' id='word_1_212' title='bbox 1074 3877 1106 3935; x_wconf 92' lang='lat' dir='ltr'>et</span> <span class='ocrx_word' id='word_1_213' title='bbox 1121 3865 1251 3935; x_wconf 87' lang='lat' dir='ltr'>honori·</span> 
     </span>
     <span class='ocr_line' id='line_1_29' title="bbox 117 3974 1253 4064; baseline -0.005 -19"><span class='ocrx_word' id='word_1_214' title='bbox 117 3979 181 4045; x_wconf 92' lang='lat' dir='ltr'>bus</span> <span class='ocrx_word' id='word_1_215' title='bbox 197 3978 463 4060; x_wconf 88' lang='lat' dir='ltr'>quibuscumque,</span> <span class='ocrx_word' id='word_1_216' title='bbox 481 3977 599 4060; x_wconf 89' lang='lat' dir='ltr'>quibus</span> <span class='ocrx_word' id='word_1_217' title='bbox 616 3977 674 4042; x_wconf 89' lang='lat' dir='ltr'>alii</span> <span class='ocrx_word' id='word_1_218' title='bbox 690 3979 766 4044; x_wconf 93' lang='lat' dir='ltr'>boni</span> <span class='ocrx_word' id='word_1_219' title='bbox 783 3986 816 4043; x_wconf 91' lang='lat' dir='ltr'>et</span> <span class='ocrx_word' id='word_1_220' title='bbox 831 3978 967 4064; x_wconf 88' lang='lat' dir='ltr'>perfecti</span> <span class='ocrx_word' id='word_1_221' title='bbox 983 3981 1071 4043; x_wconf 89' lang='lat' dir='ltr'>ciues</span> <span class='ocrx_word' id='word_1_222' title='bbox 1089 3985 1122 4042; x_wconf 89' lang='lat' dir='ltr'>et</span> <span class='ocrx_word' id='word_1_223' title='bbox 1132 3975 1163 4042; x_wconf 76' lang='lat' dir='ltr'>V</span> <span class='ocrx_word' id='word_1_224' title='bbox 1167 3974 1253 4041; x_wconf 90' lang='lat' dir='ltr'>eneti</span> 
     </span>
     <span class='ocr_line' id='line_1_30' title="bbox 117 4085 1253 4170; baseline -0.002 -19"><span class='ocrx_word' id='word_1_225' title='bbox 117 4086 227 4153; x_wconf 88' lang='lat' dir='ltr'>nostri</span> <span class='ocrx_word' id='word_1_226' title='bbox 243 4085 388 4167; x_wconf 88' lang='lat' dir='ltr'>gaudent</span> <span class='ocrx_word' id='word_1_227' title='bbox 403 4092 437 4150; x_wconf 91' lang='lat' dir='ltr'>et</span> <span class='ocrx_word' id='word_1_228' title='bbox 453 4085 696 4168; x_wconf 89' lang='lat' dir='ltr'>quomodolibet</span> <span class='ocrx_word' id='word_1_229' title='bbox 713 4086 933 4170; x_wconf 87' lang='lat' dir='ltr'>perfruuntur,</span> <span class='ocrx_word' id='word_1_230' title='bbox 965 4106 1103 4168; x_wconf 88' lang='lat' dir='ltr'>quorum</span> <span class='ocrx_word' id='word_1_231' title='bbox 1119 4105 1253 4149; x_wconf 89' lang='lat' dir='ltr'>numero</span> 
     </span>
     <span class='ocr_line' id='line_1_31' title="bbox 117 4192 1256 4278; baseline -0.003 -19"><span class='ocrx_word' id='word_1_232' title='bbox 117 4196 230 4278; x_wconf 83' lang='lat' dir='ltr'>ipsum</span> <span class='ocrx_word' id='word_1_233' title='bbox 246 4193 392 4258; x_wconf 84' lang='lat' dir='ltr'>volumus</span> <span class='ocrx_word' id='word_1_234' title='bbox 418 4195 593 4277; x_wconf 86' lang='lat' dir='ltr'>aggregari</span> <span class='ocrx_word' id='word_1_235' title='bbox 618 4200 651 4258; x_wconf 91' lang='lat' dir='ltr'>et</span> <span class='ocrx_word' id='word_1_236' title='bbox 682 4194 867 4278; x_wconf 87' lang='lat' dir='ltr'>specialiter</span> <span class='ocrx_word' id='word_1_237' title='bbox 891 4194 1078 4277; x_wconf 89' lang='lat' dir='ltr'>computari,</span> <span class='ocrx_word' id='word_1_238' title='bbox 1111 4192 1256 4276; x_wconf 85' lang='lat' dir='ltr'>prefatus</span> 
     </span>
     <span class='ocr_line' id='line_1_32' title="bbox 118 4299 1257 4384; baseline -0.004 -17"><span class='ocrx_word' id='word_1_239' title='bbox 118 4299 352 4380; x_wconf 77' lang='lat' dir='ltr'>Raoisclavus,</span> <span class='ocrx_word' id='word_1_240' title='bbox 369 4303 502 4384; x_wconf 88' lang='lat' dir='ltr'>eiusque</span> <span class='ocrx_word' id='word_1_241' title='bbox 519 4301 579 4366; x_wconf 89' lang='lat' dir='ltr'>filii</span> <span class='ocrx_word' id='word_1_242' title='bbox 607 4309 639 4366; x_wconf 87' lang='lat' dir='ltr'>et</span> <span class='ocrx_word' id='word_1_243' title='bbox 665 4302 801 4367; x_wconf 90' lang='lat' dir='ltr'>heredes</span> <span class='ocrx_word' id='word_1_244' title='bbox 833 4301 1036 4367; x_wconf 89' lang='lat' dir='ltr'>etheredum</span> <span class='ocrx_word' id='word_1_245' title='bbox 1054 4319 1257 4365; x_wconf 88' lang='lat' dir='ltr'>successores</span> 
     </span>
     <span class='ocr_line' id='line_1_33' title="bbox 120 4406 1258 4495; baseline -0.004 -19"><span class='ocrx_word' id='word_1_246' title='bbox 120 4408 245 4495; x_wconf 86' lang='lat' dir='ltr'>prelati</span> <span class='ocrx_word' id='word_1_247' title='bbox 260 4407 294 4471; x_wconf 89' lang='lat' dir='ltr'>in</span> <span class='ocrx_word' id='word_1_248' title='bbox 311 4407 459 4476; x_wconf 85' lang='lat' dir='ltr'>Venetiis</span> <span class='ocrx_word' id='word_1_249' title='bbox 476 4414 509 4474; x_wconf 86' lang='lat' dir='ltr'>et</span> <span class='ocrx_word' id='word_1_250' title='bbox 525 4415 617 4474; x_wconf 86' lang='lat' dir='ltr'>extra</span> <span class='ocrx_word' id='word_1_251' title='bbox 633 4410 772 4475; x_wconf 88' lang='lat' dir='ltr'>ubilibet</span> <span class='ocrx_word' id='word_1_252' title='bbox 789 4409 903 4490; x_wconf 89' lang='lat' dir='ltr'>eundo,</span> <span class='ocrx_word' id='word_1_253' title='bbox 916 4407 1032 4474; x_wconf 82' lang='lat' dir='ltr'>stando</span> <span class='ocrx_word' id='word_1_254' title='bbox 1044 4413 1077 4472; x_wconf 90' lang='lat' dir='ltr'>et</span> <span class='ocrx_word' id='word_1_255' title='bbox 1092 4406 1258 4474; x_wconf 88' lang='lat' dir='ltr'>redeundo</span> 
     </span>
     <span class='ocr_line' id='line_1_34' title="bbox 121 4516 1260 4603; baseline -0.004 -20"><span class='ocrx_word' id='word_1_256' title='bbox 121 4523 284 4603; x_wconf 88' lang='lat' dir='ltr'>perpetuo</span> <span class='ocrx_word' id='word_1_257' title='bbox 302 4537 341 4580; x_wconf 87' lang='lat' dir='ltr'>ao</span> <span class='ocrx_word' id='word_1_258' title='bbox 358 4516 554 4600; x_wconf 89' lang='lat' dir='ltr'>plenissime,</span> <span class='ocrx_word' id='word_1_259' title='bbox 579 4520 663 4583; x_wconf 87' lang='lat' dir='ltr'>sicut</span> <span class='ocrx_word' id='word_1_260' title='bbox 694 4518 808 4582; x_wconf 88' lang='lat' dir='ltr'>melius</span> <span class='ocrx_word' id='word_1_261' title='bbox 833 4517 907 4582; x_wconf 91' lang='lat' dir='ltr'>fieri</span> <span class='ocrx_word' id='word_1_262' title='bbox 922 4523 1039 4601; x_wconf 88' lang='lat' dir='ltr'>potest,</span> <span class='ocrx_word' id='word_1_263' title='bbox 1057 4517 1201 4600; x_wconf 88' lang='lat' dir='ltr'>gaudeat</span> <span class='ocrx_word' id='word_1_264' title='bbox 1226 4519 1260 4579; x_wconf 87' lang='lat' dir='ltr'>et</span> 
     </span>
     <span class='ocr_line' id='line_1_35' title="bbox 122 4623 1259 4714; baseline -0.003 -22"><span class='ocrx_word' id='word_1_265' title='bbox 122 4630 246 4692; x_wconf 89' lang='lat' dir='ltr'>utatur.</span> <span class='ocrx_word' id='word_1_266' title='bbox 271 4624 313 4688; x_wconf 90' lang='lat' dir='ltr'>In</span> <span class='ocrx_word' id='word_1_267' title='bbox 337 4625 427 4690; x_wconf 88' lang='lat' dir='ltr'>ouius</span> <span class='ocrx_word' id='word_1_268' title='bbox 452 4628 501 4691; x_wconf 90' lang='lat' dir='ltr'>rei</span> <span class='ocrx_word' id='word_1_269' title='bbox 527 4631 587 4692; x_wconf 85' lang='lat' dir='ltr'>etc.</span> <span class='ocrx_word' id='word_1_270' title='bbox 613 4625 738 4692; x_wconf 87' lang='lat' dir='ltr'>Datum</span> <span class='ocrx_word' id='word_1_271' title='bbox 767 4628 802 4692; x_wconf 88' lang='lat' dir='ltr'>in</span> <span class='ocrx_word' id='word_1_272' title='bbox 833 4631 947 4691; x_wconf 89' lang='lat' dir='ltr'>nostro</span> <span class='ocrx_word' id='word_1_273' title='bbox 978 4623 1101 4692; x_wconf 89' lang='lat' dir='ltr'>Ducali</span> <span class='ocrx_word' id='word_1_274' title='bbox 1131 4625 1259 4714; x_wconf 81' lang='lat' dir='ltr'>palacio</span> 
     </span>
    </p>
   </div>
   <div class='ocr_carea' id='block_1_14' title="bbox 0 0 1630 5234">
    <p class='ocr_par' dir='ltr' id='par_1_15' title="bbox 0 0 1630 5234">
     <span class='ocr_line' id='line_1_36' title="bbox 0 0 1630 5234; baseline 0 0"><span class='ocrx_word' id='word_1_275' title='bbox 0 0 1630 5234; x_wconf 95' lang='lat' dir='ltr'> </span> 
     </span>
    </p>
   </div>
  </div>
 </body>
</html>
