3170 5234
402 305 464 364 als
751 319 987 365 nirnonsczmr
1006 309 1171 366 aurnuns.

402 502 474 558 cum
490 479 614 544 honore
631 481 753 545 domini
770 479 856 546 Bani
884 482 918 544 et
944 483 1194 547 conseruatione
1226 483 1432 564 integraliter
1444 481 1514 565 juris

401 589 458 666 sui,
476 588 563 669 quod
583 588 653 670 ipse
670 593 702 650 et
718 593 812 669 pater
839 608 915 652 suus
941 589 972 651 in
991 588 1063 670 ipsa
1096 593 1187 654 terra
1204 589 1291 655 soliti
1310 597 1386 654 sunt
1401 589 1516 668 habere,
1575 637 1576 640 η

400 697 613 761 intentionem
646 695 811 772 habentes,
828 695 856 758 si
881 696 1029 760 homines
1056 694 1193 762 Sibinici
1210 697 1249 761 de
1266 697 1329 764 hoc
1344 719 1406 762 non
1421 704 1515 764 essent

401 805 554 884 contenti,
572 807 605 866 et
620 803 738 869 vellent
755 803 788 866 in
814 795 925 886 aliquo
953 805 1016 868 sibi
1044 805 1191 884 deficere,
1216 805 1330 870 intuiti
1349 805 1426 870 dieti
1441 805 1514 886 Banj

402 918 556 994 granatos
572 935 630 977 nos
646 911 871 994 multipliciter
888 912 1060 978 ostendere
1077 921 1191 978 eontra
1208 935 1271 979 eos.
1289 911 1355 978 Sed
1366 919 1516 998 proutper

400 1021 527 1086 litteras
560 1021 639 1084 dicti
670 1017 909 1085 Ambaxatoris
931 1021 1035 1086 nostri
1062 1021 1156 1086 nobis
1190 1023 1302 1086 extitit
1333 1023 1516 1100 denotatum,

399 1131 468 1212 ipse
484 1129 595 1193 Banus
621 1127 859 1194 Ambaxatoris
886 1132 989 1194 nostri
1005 1135 1186 1195 tractatum
1202 1152 1267 1194 non
1285 1131 1459 1213 recipienS,
1473 1151 1516 1193 ne·

401 1258 463 1320 que
480 1241 651 1302 contentus
668 1239 735 1302 eius
752 1238 825 1302 iura
842 1239 996 1320 recipere,
1008 1237 1178 1303 nitebatur·
1194 1244 1319 1304 terram
1337 1245 1370 1302 et
1384 1236 1516 1301 homines

400 1342 543 1409 Sibeniei
559 1344 599 1408 de
616 1365 675 1407 sua
691 1344 817 1426 eripere
834 1343 997 1423 libertate,
1014 1365 1133 1428 eosque
1151 1366 1209 1409 suo
1221 1345 1365 1409 dominio
1383 1344 1515 1409 totaliter

400 1451 576 1536 subingere
593 1457 707 1516 contra
732 1451 929 1517 voluntatem
957 1452 1125 1518 hominum
1151 1453 1236 1518 dicte
1268 1460 1367 1518 terre.
1399 1453 1514 1535 Deque

400 1582 458 1624 nos
475 1560 629 1626 admirati
647 1582 756 1626 snmus
772 1560 992 1625 vehementius
1008 1583 1070 1644 pro
1083 1562 1153 1644 ipso
1170 1560 1301 1625 domino
1320 1561 1513 1646 Bauo,quen

400 1668 575 1732 seeundum
592 1665 698 1733 Deum
715 1674 749 1732 et
765 1667 921 1734 honorem
939 1690 1032 1732 suum
1048 1668 1130 1733 talia
1147 1689 1282 1750 querere
1300 1689 1366 1732 non
1383 1667 1514 1746 decebat,

334 1767 340 1776 ⁸
399 1777 538 1841 maxime
554 1797 626 1841 cum
642 1777 786 1842 homines
805 1775 946 1842 Sibenici
963 1778 1073 1858 parati
1105 1783 1211 1840 essent
1228 1798 1356 1842 omnem
1372 1777 1513 1841 honorem
1574 1799 1576 1824 τ

400 1891 433 1949 et
448 1886 618 1951 seruitium
653 1887 714 1952 sibi
745 1887 935 1968 permittere
967 1891 1000 1948 et
1031 1905 1174 1965 seruare,
1190 1892 1289 1967 prout
1305 1885 1367 1950 sibi
1384 1883 1512 1948 Banoet
1575 1867 1576 1870 ¹

397 1994 485 2077 patri
502 2015 559 2058 suo
576 1993 684 2058 faeere
716 2013 917 2058 consuevere.
943 1990 1178 2058 Consideretur
1194 2013 1282 2074 ergo,
1299 1993 1387 2076 quod
1400 1992 1513 2076 justins,

400 2102 485 2186 quod
502 2103 607 2184 magis
624 2099 695 2166 Deo
713 2107 889 2184 acceptum,
905 2101 1052 2166 homines
1069 2099 1207 2166 Sibinici
1223 2105 1379 2184 poterant
1395 2119 1513 2182 respon·

400 2211 486 2276 dere.
504 2210 577 2276 Nos
594 2210 743 2294 equidem
759 2209 972 2289 attendentes
989 2209 1075 2293 quod
1095 2229 1222 2292 semper
1237 2209 1474 2292 predecessores
1487 2208 1513 2268 et

399 2316 579 2384 Commune
611 2316 833 2398 Venetiarum,
864 2319 1047 2400 antiquitus
1080 2323 1113 2381 et
1142 2316 1307 2381 modernis
1324 2314 1511 2400 temporibus

400 2423 671 2492 desiderauerunt
696 2432 729 2490 et
754 2446 887 2509 operam
913 2423 1090 2491 efficaciter
1114 2424 1310 2507 tibuerunt,
1328 2424 1415 2506 quod
1437 2429 1512 2487 terre
1575 2487 1576 2490 ,

398 2534 562 2599 maritime
579 2534 618 2598 de
634 2533 803 2600 Dalmatia
828 2537 863 2598 in
879 2555 939 2598 sua
966 2532 1120 2597 libertate
1136 2537 1376 2615 permanerent,
1393 2538 1423 2596 et
1438 2528 1513 2614 qnod

398 2663 459 2726 pro
475 2641 562 2706 bono
578 2649 610 2705 et
624 2641 761 2724 pacifico
778 2647 868 2707 statu
883 2642 983 2706 totius
1015 2641 1157 2722 regionis
1183 2640 1339 2722 occupari
1364 2646 1397 2704 et
1412 2639 1442 2702 in
1457 2657 1512 2701 ser-

397 2751 510 2817 vitium
526 2751 675 2816 submitti
691 2773 711 2814 a
727 2771 856 2836 quoquo
874 2749 1003 2815 domino
1019 2748 1177 2813 violenter
1192 2751 1512 2830 nonpossentcontra

399 2859 595 2924 voluntatem
612 2859 775 2942 ipsorum3
791 2860 994 2924 inuenientes
1029 2879 1155 2942 quoque
1171 2879 1230 2942 per
1246 2857 1424 2939 scripturas
1439 2854 1512 2918 anti·
1575 2925 1576 2930 ἵ

400 2989 482 3051 quas
499 2973 609 3033 nostre
626 2964 724 3032 Curie
741 2968 781 3033 de
798 2969 891 3033 annis
908 2967 1066 3048 ducentis,
1083 2966 1170 3050 quod
1185 2967 1262 3033 Dux
1278 2948 1398 3031 Petrus
1414 2962 1513 3048 prede·
1575 3003 1576 3012 κ

399 3083 724 3142 cessornostercum
757 3097 814 3142 suo
846 3077 969 3159 potenti
1003 3075 1132 3154 extolio,
1164 3075 1315 3140 ciuitates
1342 3072 1512 3139 maritimas
1574 3059 1576 3064 ’

398 3183 576 3265 Dalmatio,
609 3189 784 3268 occupatas
801 3190 835 3249 et
850 3185 1002 3249 redactas
1018 3184 1052 3247 in
1069 3185 1260 3249 seruitutem
1277 3202 1335 3266 per
1353 3179 1511 3266 quemdam
1575 3215 1576 3218 =

399 3291 522 3374 Regem
539 3299 572 3356 et
588 3293 774 3375 Principem
790 3290 970 3372 Solemnis,
983 3291 1154 3370 liberauit3
1172 3291 1396 3373 disposuimus,
1407 3288 1511 3351 horum

398 3405 583 3464 nostrorum
598 3401 863 3483 predecessorum
879 3400 1018 3482 vestigia
1042 3398 1267 3464 memorabilia
1298 3397 1425 3475 imitati,
1440 3392 1512 3458 alios

401 3514 531 3572 nostros
558 3509 716 3573 solemnes
741 3508 994 3589 AmbaxatoreS,
1020 3510 1109 3573 viros
1134 3505 1259 3572 nobiles
1290 3504 1448 3568 Thomam
1463 3497 1512 3564 Sa·

398 3621 495 3695 creto,
512 3621 544 3680 et
557 3613 723 3698 Angelum
739 3617 872 3699 Bembo,
892 3623 923 3683 et
950 3613 1150 3681 antedictum
1168 3613 1318 3678 Marcum
1335 3611 1460 3682 Victori
1474 3606 1509 3671 ad

397 3723 502 3806 ipsum
534 3724 664 3790 Bonum
695 3725 879 3806 mittendos
910 3724 953 3788 ad
984 3723 1216 3805 requirendum
1232 3723 1340 3805 ipsum
1356 3721 1510 3790 instanter,

397 3837 555 3914 quatenus
573 3832 634 3897 sibi
650 3831 794 3915 placeret
818 3831 1035 3897 Sibinicenses
1061 3833 1095 3896 in
1122 3852 1179 3895 suo
1213 3835 1303 3894 statu
1320 3835 1351 3892 et
1368 3827 1509 3892 libertate

396 3938 590 4022 relinquere,
621 3962 686 4005 non
718 3940 921 4023 subiugaudo
954 3960 1008 4004 eos
1040 3942 1156 4003 contra
1175 3936 1376 4000 voluntatem
1401 3949 1511 4004 eorum,

397 4048 454 4112 sed
471 4047 599 4132 dejure
616 4068 675 4111 suo
702 4047 816 4128 suique
849 4048 953 4130 patris
986 4047 1082 4112 solito
1115 4043 1214 4108 vellet
1245 4064 1316 4107 esse
1344 4043 1508 4106 contentus.
1575 4131 1576 4136 γ

398 4155 623 4222 Veruntamen
639 4157 785 4238 dicimus
801 4179 911 4221 rerum
930 4177 999 4221 esse
1016 4176 1075 4219 nos
1108 4153 1274 4220 ordinasse
1291 4149 1403 4234 parari
1420 4165 1510 4212 arma·

396 4269 473 4342 tam,
490 4264 704 4346 intendentes,
721 4266 748 4328 si
765 4264 884 4347 aliquis
899 4264 996 4330 vellet
1011 4264 1118 4346 ipsam
1133 4269 1256 4326 terram
1273 4278 1433 4342 occupare
1449 4271 1509 4318 con-

396 4378 576 4438 trecorum
607 4372 698 4452 velle,
730 4395 801 4438 eam
832 4374 1096 4453 intrommittere,
1128 4370 1216 4435 salvo
1247 4367 1319 4432 iure
1345 4362 1510 4436 cuiuslibet,
1575 4391 1576 4394 ¹

402 4477 490 4559 quod
505 4479 702 4545 faciebamus
732 4503 796 4547 non
827 4502 887 4566 pro
920 4481 1031 4566 aliqua
1064 4478 1243 4564 cupiditate
1270 4474 1405 4542 dominii
1421 4471 1509 4558 (Deus
