3174 5236
397 369 439 428 60
493 351 496 358 ¹
746 383 981 432 nmuouaczmr
998 375 1164 432 suntuna.

396 567 455 625 tua
471 561 619 642 vassella,
635 582 696 644 que
713 583 772 644 per
791 561 942 644 Sergium
960 563 1159 645 ltlagistrum
1170 563 1428 628 Portulanumet
1440 563 1516 628 Pro-

370 673 580 743 curatorem
605 667 726 752 Apulia
747 675 780 735 et
805 669 941 755 Aprutij
968 670 1161 737 victualibus
1189 676 1324 736 onerata
1349 671 1517 754 adportes

396 776 485 859 ipsas
511 775 737 844 mandauimus
762 777 930 843 destinari.
977 779 1102 844 Datum
1127 779 1237 845 Melfie
1268 777 1321 844 die
1347 779 1515 864 penultimo

398 882 543 968 ejusdem
562 881 779 968 (Septembris
796 886 858 955 VI.
872 886 1084 970 indictionis).

509 1065 545 1126 (Α
570 1065 707 1129 »Begiatri
731 1065 881 1131 Augioiui«
905 1067 938 1117 D.
963 1073 1005 1118 31.
1028 1082 1066 1123 ez.
1086 1067 1154 1132 Reg.
1167 1066 1265 1117 Karoli
1278 1067 1299 1116 1.
1323 1061 1460 1117 kotetebttl
1476 1069 1515 1116 tv.

400 1153 453 1202 lev.
467 1170 473 1217 ;
493 1168 519 1203 n.
535 1155 571 1218 ο.)

946 1302 1045 1310 ---

942 1481 992 1544 71.

402 1641 431 1702 Ι.
450 1640 574 1725 Kdrolp
598 1641 725 1705 sicilici
750 1641 865 1726 tiruty
890 1643 930 1706 de
946 1641 1085 1705 Bruieri
1106 1641 1241 1706 Viluroet
1267 1642 1403 1706 kttliiaoa
1419 1640 1518 1704 reuda·

607 1748 690 1813 lettel
706 1750 803 1814 uului
820 1750 988 1815 Guariaoi
1007 1750 1214 1814 Puazleollroa.
1234 1752 1329 1814 1278.

512 1924 677 2008 Scriptum
693 1932 741 1991 est
757 1924 935 1993 Guillelmo
951 1927 992 1992 de
1008 1927 1169 2010 Bruierijs
1186 1925 1303 1992 clerico
1321 1931 1356 1992 et
1371 1923 1516 1992 familiari

404 2054 463 2100 suo
480 2039 539 2098 eto.

511 2139 685 2206 Fidelitati
701 2146 756 2204 tue
771 2140 907 2207 firmiter
922 2151 956 2207 et
972 2143 1121 2208 districte
1137 2141 1344 2225 precipimus,
1369 2145 1517 2226 quatenus
1578 2211 1579 2214 Ἴ

403 2247 555 2314 informes
580 2248 752 2314 Pascalem
778 2249 817 2314 de
842 2248 993 2316 Guarino
1020 2249 1273 2316 Prothontinum
1297 2247 1468 2330 Brundusip⁸
1483 2245 1518 2310 de

403 2355 578 2435 credentia,
595 2355 635 2419 de
651 2378 716 2439 qua
732 2363 765 2421 te
781 2356 1029 2422 informauimus
1044 2357 1080 2422 in
1091 2355 1193 2423 Curia
1203 2361 1517 2440 nostrapreseutem3

406 2467 439 2527 et
464 2463 625 2527 acceleres
648 2463 868 2529 onerationem
884 2463 1072 2529 victualium
1087 2464 1325 2529 miotendorum
1340 2462 1425 2546 apud
1440 2460 1519 2527 Sela·

290 2623 294 2628 ,
405 2568 536 2634 uoniam
561 2591 619 2653 per
644 2568 793 2652 Sergium
818 2569 1017 2655 Magistrum
1042 2571 1257 2637 Portulanum
1283 2569 1404 2654 Apulie
1419 2575 1474 2634 etc.
1489 2571 1518 2628 rt

405 2674 492 2740 idem
507 2674 643 2759 Sergius
669 2676 823 2744 victualia
848 2679 921 2761 ipsa
945 2678 1061 2744 mictat
1086 2679 1251 2744 instanter
1271 2679 1315 2743 ad
1331 2673 1519 2743 vendendum
1578 2749 1579 2752 Ἴ

404 2784 498 2849 iuxta
523 2790 667 2849 tenorem
688 2785 918 2852 mandatorum
934 2792 1119 2851 nostrorum
1137 2786 1197 2852 sibi
1212 2783 1353 2868 proinde
1369 2781 1519 2848 transmis·
1578 2855 1579 2858 Ἴ

407 2913 534 2970 sorum3
568 2898 601 2958 et
626 2898 797 2975 postquam
823 2892 917 2975 galee
934 2913 1007 2958 cum
1022 2892 1169 2957 vassellis
1185 2892 1325 2957 oneratis
1342 2890 1420 2974 ipsis
1435 2889 1519 2953 victu·

407 2998 513 3065 alibus
539 2998 579 3064 de
598 3003 693 3081 portu
710 2997 848 3084 Syponti
864 3006 1076 3080 recesserunt,
1101 3006 1138 3063 tu
1153 2999 1317 3063 instanter
1332 2997 1375 3062 ad
1391 3003 1519 3061 nostram

408 3103 543 3170 Curiam
558 3109 745 3174 reuerteris.
785 3108 906 3174 Datum
923 3106 1036 3174 Melfie
1054 3107 1237 3190 penultimo
1254 3105 1453 3190 Septembris
1467 3101 1518 3172 Ἦ.

409 3214 607 3280 indictionis.

518 3393 553 3453 (A
578 3391 716 3460 >Regiani
741 3397 890 3461 Angioini«
914 3398 945 3446 D.
968 3402 1008 3447 31.
1031 3411 1066 3446 az.
1088 3399 1155 3466 Reg-
1175 3395 1272 3450 Karou
1291 3396 1312 3448 1.
1332 3392 1468 3447 koteteuo'l
1485 3393 1521 3439 tr.

409 3484 482 3547 lav.;
502 3498 527 3533 u.
541 3484 579 3551 o.)

410 4027 435 4089 I.
453 4029 579 4112 Kctrolp
606 4028 730 4092 sicilioi
747 4029 865 4114 'lcirulp
882 4027 1050 4113 elfopuclju
1067 4051 1106 4092 uz
1122 4029 1221 4114 olpun
1237 4027 1415 4113 osazepelcre
1432 4032 1522 4090 nouat·

411 4138 487 4202 lcozo'
513 4137 712 4216 azdnuudcist,
739 4137 862 4222 curipale
888 4133 1210 4221 Maqyororaza‘pban
1237 4136 1298 4198 uolt
1323 4130 1522 4221 serapiucltiu

618 4245 785 4310 toreuma
802 4244 982 4309 elldtciacira
990 4241 1219 4328 fordittattolc.
1237 4245 1333 4308 1278.

523 4419 688 4503 Scriptum
704 4427 754 4487 est
771 4422 883 4488 eidem.

523 4523 610 4612 Quia
635 4531 678 4597 ad
704 4530 927 4594 executionem
954 4528 1091 4596 duorum
1111 4527 1337 4596 mandatorum
1356 4535 1522 4596 nostrorum
