3174 5236
402 329 445 392 82
534 353 539 366 ·
757 349 991 395 DIPLOMAOZIAI
1008 339 1175 396 uncinus.

399 505 627 571 viruJohanni
645 505 714 571 lilio
726 505 860 572 Henrici
872 507 957 572 Bani
975 507 1094 572 dilecto
1106 513 1137 570 et
1147 504 1237 572 fideli
1254 528 1313 571 sno
1326 516 1382 573 etc.
1393 506 1436 576 Vt
1445 506 1505 572 fidei

400 624 507 679 vestre
525 616 697 680 sinceritas
715 617 848 679 amaritia
875 621 987 680 nostro
1005 623 1036 678 et
1054 615 1174 679 Karoli
1200 616 1402 699 primogeniti
1418 616 1504 680 nostri

402 721 503 804 Regis
534 721 682 806 Vngaric
698 723 730 786 in
750 726 861 807 Regno
891 724 962 806 ipso
980 733 1039 790 etc.
1057 729 1172 788 contra
1188 725 1371 788 innasorem
1388 723 1506 788 eiusdem

403 827 520 912 Regni,
537 851 576 894 ac
591 831 754 895 sanctores
770 838 802 893 ot
819 837 1052 894 consentaneos
1071 851 1146 894 suos
1172 831 1205 894 in
1237 831 1325 895 bona
1345 831 1457 896 scilicet
1477 850 1506 894 sr

401 957 559 1018 personas
576 960 697 1020 eorum,
724 938 878 1021 quamdin
906 961 960 1002 eos
979 939 1011 1000 in
1028 939 1128 1020 ipsius
1161 939 1280 1002 erroris
1296 938 1391 1004 deuio
1408 938 1506 1020 perdu-

402 1065 477 1109 rare
493 1047 677 1128 contigerit,
709 1045 846 1109 liberum
879 1046 954 1110 belli
981 1047 1030 1108 ius
1057 1053 1089 1108 et
1114 1045 1194 1109 ferri
1220 1045 1385 1111 licentiam
1415 1053 1508 1108 tenore

399 1153 595 1233 presentium
612 1153 815 1234 impartimur
833 1152 1084 1238 (impertimur);
1100 1154 1148 1216 ita
1165 1152 1252 1235 quod
1263 1153 1386 1216 nullam
1402 1172 1508 1234 penam,

404 1281 464 1324 nec
480 1259 576 1324 etiam
595 1259 704 1340 iudicij
722 1259 838 1324 faciem
864 1266 1037 1342 propterea
1063 1259 1253 1323 formidetis.
1277 1259 1399 1322 Datum
1422 1257 1509 1340 Aquis

406 1364 459 1461 die
475 1367 515 1434 V.
531 1367 683 1450 Januarij
702 1367 743 1435 V.
759 1367 954 1432 indictionis.

508 1565 544 1625 (Δ
571 1565 709 1629 »Registri
734 1566 884 1629 Angioini«
912 1565 939 1613 Ο.
968 1570 1008 1614 59.
1037 1581 1073 1614 az,
1102 1566 1168 1628 Reg.
1196 1564 1293 1613 Karoli
1324 1563 1360 1611 Π.
1386 1559 1509 1611 krstettbol

403 1657 462 1702 256.
477 1657 547 1704 len:
563 1671 588 1703 u.
608 1657 645 1716 ο.)

937 2305 1007 2362 100.

402 2481 513 2543 Ma'ric
532 2481 656 2542 sicilici
673 2479 828 2564 birrilync'
849 2479 882 2542 V.
901 2480 919 2540 I
923 2484 1015 2542 storin
1033 2500 1172 2562 πιαρψιν
1198 2477 1311 2563 lrirrtlp
1342 2472 1510 2561 tefaga-nat

405 2586 488 2672 nyilt
505 2587 611 2663 levale,
628 2587 772 2672 mclylpcl
792 2612 810 2649 c
834 2609 971 2672 rsscpyar
988 2586 1125 2650 toronus
1142 2587 1401 2670 tcirppazo'jopcit
1418 2582 1510 2665 filtro,

662 2695 793 2758 tiarati
813 2695 979 2778 Karoiyra
1001 2695 1151 2757 rrrbdzau.
1174 2693 1268 2753 1292.

507 2871 618 2936 Maria
633 2871 698 2936 Dei
732 2873 841 2954 gratia
866 2869 1057 2948 Jerusalem,
1085 2867 1197 2934 Sicilie
1222 2877 1254 2931 et
1282 2867 1426 2948 Vagarie
1446 2863 1509 2947 (Re-

400 2979 501 3064 gina),
517 2980 693 3046 Prouineie
711 2987 743 3044 et
773 2980 1026 3061 Forclralquerii
1044 2976 1230 3043 Oomitissa.
1263 2974 1320 3042 Ad
1350 2971 1509 3041 faciendam

401 3089 561 3153 iustitiam
577 3090 609 3153 in
627 3087 823 3168 irationibus,
840 3095 872 3152 et
888 3109 1000 3170 pacem
1015 3088 1049 3151 iu
1065 3086 1194 3169 populis
1225 3083 1439 3162 nutriendam,
1452 3079 1509 3144 cou-

401 3196 508 3260 stituit
525 3194 685 3262 Dominus
701 3195 871 3277 Principes
889 3200 1132 3277 superterram,
1157 3191 1275 3277 quihus
1308 3186 1511 3256 deficientibus

400 3302 486 3383 perit
501 3303 635 3385 iustitia,
651 3325 716 3386 pax
731 3303 895 3384 turbatur,
912 3302 1084 3384 insurgunt
1100 3300 1184 3379 odia,
1201 3300 1384 3364 bachantur
1399 3293 1509 3370 iniuria,

402 3408 496 3474 cedes
512 3411 679 3488 accedunt,
696 3416 730 3474 vt
746 3411 900 3475 ascendat
916 3409 1040 3474 clamor
1058 3409 1100 3472 ad
1116 3405 1296 3471 Dominum
1313 3412 1347 3471 et
1364 3403 1510 3470 abomina-

401 3517 447 3580 tio
466 3517 692 3601 subsequatur.
708 3518 876 3584 Presentis
893 3518 1005 3600 itaque
1021 3515 1187 3600 priuilegij
1206 3515 1313 3579 nostri
1332 3520 1442 3578 tenore
1465 3527 1510 3572 no-

403 3631 473 3687 tum
489 3623 624 3690 facimus
642 3627 800 3690 uniuersis
816 3624 1021 3708 presentibus
1038 3629 1069 3688 et
1090 3623 1220 3701 sutoria,
1246 3623 1332 3704 quod
1353 3613 1511 3700 Magnifice

400 3730 555 3818 Principe
572 3731 703 3822 domino
720 3733 866 3797 Latislao
885 3732 1014 3797 Illustri
1031 3730 1123 3812 Rege
1136 3727 1284 3812 Vngarie
1311 3734 1345 3792 et
1361 3723 1508 3791 carissimo

398 3836 501 3902 fratre
519 3845 641 3920 nostro,
658 3839 699 3904 ab
717 3859 801 3903 anno
818 3841 883 3903 iam
900 3844 933 3902 et
958 3839 1053 3915 vltra,
1085 3840 1182 3918 prout
1213 3833 1358 3899 fatorum
1389 3825 1507 3898 crudeli·

398 3949 458 4010 tati
477 3947 668 4028 permissum
685 3952 743 4026 est,
761 3947 890 4012 sublato
907 3947 946 4011 de
978 3945 1083 4010 medio
1110 3943 1209 4007 nullis
1236 3941 1390 4025 legitimis
1415 3931 1508 4002 liberis

399 4055 631 4136 superstitibus
648 4078 687 4118 ex
704 4057 825 4134 eodem,
841 4051 935 4119 nobis
967 4051 1149 4134 agentibus,
1167 4056 1266 4133 prout
1282 4050 1388 4116 adbuc
1402 4044 1507 4128 agimus

397 4160 429 4222 in
449 4163 593 4240 remotis,
610 4161 742 4226 turbato
751 4162 909 4244 'protinus
930 4159 1075 4224 eiusdem
1107 4157 1217 4241 Regni
1243 4155 1409 4239 regimine,
1430 4166 1508 4215 uerse

398 4272 473 4329 sunt
490 4267 557 4330 illic
574 4269 716 4332 omnium
733 4289 846 4332 manus
864 4267 906 4331 ad
924 4267 1037 4350 spolia,
1053 4263 1187 4348 rapinas
1219 4270 1252 4328 et
1282 4271 1419 4346 strages,
1441 4256 1508 4322 adeo

397 4371 484 4451 qnod
499 4372 643 4454 relegata
658 4374 785 4437 iustitia
804 4382 834 4438 ct
851 4374 968 4439 iudicio
995 4373 1164 4452 dissoluto,
1181 4369 1226 4434 ibi
1243 4368 1309 4433 iam
1325 4391 1389 4435 non
1404 4363 1509 4432 iuribus

398 4483 447 4539 set
463 4478 589 4541 uiribus
607 4481 809 4544 decernatur.
835 4481 886 4544 lie
904 4475 1021 4564 quibus
1039 4478 1188 4546 omnibus
1205 4475 1386 4542 miserabili
1404 4470 1511 4556 pluries
