3222 5240
549 307 645 424 reae.
792 389 797 392 -
1100 357 1161 426 err

46 554 79 600 ae
92 539 355 621 compromissum
370 536 511 604 faciendi
530 559 603 602 cum
619 556 703 621 pena
719 542 752 603 et
767 536 1023 620 obligationibus
1042 547 1075 603 et
1085 557 1164 622 qua·

46 643 117 710 libet
141 648 297 727 cautione,
324 647 358 712 in
383 667 483 712 eausa
508 643 730 726 concludendi,
756 645 952 711 sententiam
980 645 1112 730 petendi
1129 652 1162 712 ot

46 751 200 837 audiendi,
225 762 259 821 et
283 753 467 821 executioni
482 753 631 819 mandari
647 751 796 832 faciendi,
822 772 963 818 necnon
980 753 1013 816 in
1028 752 1115 818 facto
1132 759 1165 818 ot

45 861 121 926 circa
145 860 268 927 lactum
292 864 440 946 ipsorum
467 861 640 928 confinium
665 860 940 946 designandorum
965 867 1000 926 et
1013 860 1164 926 determi-

47 966 230 1050 nandorum,
247 969 462 1053 componendi
480 975 513 1034 et
529 969 652 1051 imponi
668 959 818 1050 facien‘di,
833 966 999 1033 statuendi
1015 973 1047 1032 et
1063 966 1166 1053 desig-

44 1074 134 1138 nandi
149 1080 184 1139 et
200 1075 364 1159 designari
381 1075 532 1160 faciendi¹
550 1075 690 1142 confines
702 1075 791 1158 ipsos
801 1073 1165 1157 inter'l'raguriensium
1264 1085 1268 1092 '

44 1183 239 1249 territorium
265 1191 297 1250 et
321 1183 588 1264 Sibenicensium,
615 1191 647 1250 et
673 1182 847 1269 superinde
863 1189 1051 1250 contractus
1068 1203 1164 1267 quos·

44 1288 115 1355 libet
139 1289 294 1374 faciendi,
320 1300 353 1359 et
369 1300 467 1378 pacta
483 1293 526 1357 ad
542 1290 638 1358 finem
655 1291 840 1372 mandandi,
868 1313 941 1357 cum
957 1290 1020 1357 fine
1037 1292 1165 1374 quieta·

6 1405 7 1408 ’
44 1397 192 1482 tionaudi,
218 1399 418 1482 remissione,
443 1399 620 1466 securitate
646 1405 679 1464 et
703 1405 798 1483 pacto
816 1398 857 1465 de
872 1397 1012 1482 amplius
1029 1418 1094 1464 non
1108 1419 1165 1484 pe-

44 1505 134 1570 tendo
150 1511 186 1570 et
201 1527 266 1572 non
277 1507 483 1573 molestando
494 1528 566 1574 oum
577 1507 753 1573 securitate
763 1513 796 1571 et
806 1505 1007 1589 obligatione
1017 1507 1164 1590 partium

45 1616 73 1674 et
85 1613 289 1696 appositione
298 1635 381 1699 pene
391 1621 425 1679 et
435 1614 585 1698 qualibet
595 1614 753 1694 cautione,
768 1621 802 1680 et
813 1613 1011 1696 generaliter
1018 1611 1163 1680 faciendi

44 1725 71 1781 et
94 1721 267 1787 exercendi
291 1727 359 1787 tam
375 1743 434 1806 per
450 1743 483 1788 se
501 1743 598 1804 quam
614 1743 674 1806 per
690 1720 904 1788 substitutum
919 1728 1165 1804 procuratorem

5 1825 6 1828 ’
43 1845 95 1908 pro
106 1827 186 1912 ipsis
196 1827 336 1894 dominis
345 1825 482 1910 Oomite,
493 1826 676 1910 Judicibus,
694 1827 838 1894 Consilio
849 1836 882 1894 et
893 1825 1065 1895 Communi
1077 1827 1165 1894 dicte

36 1923 194 2002 'Ciuitatis
211 1935 355 2004 Sibenici
380 1945 413 2004 et
440 1959 553 2004 eorum
577 1939 705 2004 nomine
723 1936 831 2004 omnia
849 1942 882 2002 et
898 1936 1036 2022 singula,
1054 1958 1117 2022 que
1133 1939 1166 2002 iu

5 2029 7 2110 {
43 2039 123 2109 lacto
148 2043 372 2128 predictorum
398 2045 571 2111 confinium
595 2044 884 2126 terminandorum‚
917 2046 1000 2110 etin
1017 2038 1165 2110 omnibus

5 2203 6 2206 ,
42 2148 80 2213 ab
104 2152 180 2218 iude
206 2152 465 2237 dependentibus
490 2152 562 2219 fieri
586 2155 792 2220 neccessarie
816 2155 886 2219 vise
909 2151 1028 2236 forent,
1053 2159 1086 2218 et
1102 2173 1164 2235 que

42 2260 176 2324 materia
201 2281 374 2326 causarum
399 2282 458 2345 per
483 2260 613 2345 singula
639 2261 783 2346 capitula
799 2261 991 2346 postularet,
1023 2260 1165 2326 etiamsi

5 2377 7 2458 ᾗ
42 2366 227 2433 mandatum
243 2369 412 2450 exigerent
428 2366 578 2452 speciale,
594 2374 694 2452 prout
709 2376 742 2434 et
758 2370 841 2434 sicut
856 2367 919 2452 ipsi
929 2368 1164 2433 constituentes

5 2471 7 2494 ³
42 2475 278 2558 presentialiter
303 2475 412 2542 facere
427 2480 570 2561 possent,
596 2480 629 2540 et
646 2476 731 2541 sicut
748 2475 886 2558 quilibet
901 2497 997 2542 verus
1011 2495 1166 2558 procura·

41 2589 88 2648 tor
104 2591 137 2650 et
154 2583 299 2650 sindicus
315 2584 451 2650 alicuius
468 2584 575 2649 lacere
592 2590 625 2648 et
636 2604 785 2650 exercere
795 2589 921 2667 potest;
938 2583 1164 2667 promittentes
1248 2625 1252 2633 κ

6 2699 7 2702 ’
41 2689 251 2757 dictidomini
262 2688 388 2770 Comes,
405 2687 542 2756 Judices
551 2697 583 2756 et
595 2687 775 2756 Consilium
786 2690 1021 2775 supradictum,
1036 2687 1166 2755 firmum

6 2785 7 2866 Ϊ
41 2804 69 2862 et
92 2807 200 2866 ratum
225 2805 259 2864 et
283 2806 412 2884 gratum
437 2799 556 2866 habere
573 2806 607 2864 et
622 2805 732 2866 tenere
748 2805 915 2883 perpetuo,
932 2796 1092 2880 quicquid
1107 2817 1166 2881 per

6 2931 8 2956 τ
42 2905 143 2990 ipsum
168 2909 330 2975 sindicum
354 2915 388 2974 et
403 2915 660 2992 procuratorem,
677 2914 710 2972 et
725 2929 783 2991 per
799 2907 1011 2974 substitutum
1026 2905 1077 2971 vel
1093 2904 1167 2972 sub-

6 3073 8 3080 ,
41 3017 170 3082 stiturtos
197 3017 239 3084 ab
266 3038 303 3082 eo
331 3017 363 3081 in
383 3016 531 3100 predicto
548 3021 582 3082 et
596 3017 685 3082 eirca
701 3016 850 3100 predicta
866 3036 925 3100 pro
942 3013 989 3079 eis
1006 3019 1165 3078 eteorum

41 3123 166 3191 nomine
181 3123 304 3192 factum
321 3123 427 3210 luerit,
443 3123 639 3204 ordinatum,
656 3129 817 3190 statutum
833 3127 867 3187 et
884 3119 1021 3202 finitum,
1036 3118 1167 3185 etnulla

7 3263 9 3270 >
40 3251 133 3299 causa
144 3234 195 3300 uel
205 3232 335 3316 ingenio
346 3233 513 3318 premissis
524 3232 574 3298 vel
584 3231 680 3298 alicui
691 3233 924 3316 premissorum
934 3226 1166 3306 contradicere,

40 3337 143 3407 lacere
159 3341 209 3406 vel
225 3339 346 3420 venire,
363 3338 475 3420 aliqua
490 3340 619 3404 ratione
635 3338 685 3403 vel
702 3358 809 3418 causa,
826 3335 865 3402 de
876 3336 948 3401 iure
958 3335 1007 3400 vel
1018 3333 1059 3399 de
1069 3331 1167 3412 facto,

38 3447 94 3513 sub
120 3447 324 3530 obligatione
339 3447 497 3514 bonorum
513 3448 657 3513 omnium
673 3445 753 3511 dicti
768 3444 958 3511 Communis
976 3449 1010 3507 et
1025 3440 1165 3526 singula·

40 3558 120 3623 rium
137 3578 351 3642 personarum
369 3556 513 3623 eiusdem
528 3555 726 3622 Communis.

141 3667 217 3750 Ego
230 3664 368 3731 Tolinus
388 3663 555 3748 quondam
564 3661 781 3730 Bratistricni
802 3661 1016 3740 examinator,
1033 3676 1165 3724 manum

37 3771 114 3839 misi.
138 3773 215 3859 Ego
232 3770 400 3840 Antonius
417 3772 458 3838 de
475 3767 641 3837 Confertis
658 3769 699 3836 de
716 3766 843 3851 Padus,
867 3765 1039 3850 Imperiali
1057 3770 1166 3830 aucto·

38 3881 133 3948 ritate
160 3880 323 3948 Notarius
349 3887 382 3947 et
407 3875 595 3946 Communis
623 3875 765 3944 Sibenici
779 3875 921 3940 duratus
937 3869 1169 3950 cancellarius

38 3991 180 4073 interfui,
197 3997 231 4057 et
245 3994 393 4075 rogetus,
410 3993 444 4055 vt
459 3986 582 4068 audiui,
597 3985 660 4051 hoo
677 3984 803 4067 scripsi.

23 4246 100 4296 'ab
143 4173 182 4307 (JA
203 4171 454 4237 »Diplomatarium
479 4167 724 4221 sibenicenmebol
747 4168 788 4217 59.
812 4164 873 4226 lau,
897 4177 914 4212 s
935 4175 972 4213 oa.
987 4158 1049 4210 udr.
1063 4157 1158 4224 lrbnyv

68 4259 82 4295 r
102 4261 146 4296 sn.

527 4388 567 4398 ...e
572 4381 684 4397 ω-ν---φ-

554 4408 557 4417 ι
