3222 5240
603 349 699 410 1335.
1163 351 1232 411 339

5 583 7 586 .
103 525 221 591 Sclavo
237 525 279 591 de
296 525 430 606 Cataro,
444 534 477 590 et
493 526 576 608 aliis,
591 531 689 609 pacta
703 524 916 608 infrascripta
935 523 1071 591 fuerunt
1090 533 1237 592 tractata

103 655 161 718 per
178 635 327 700 dominos
343 633 527 718 provisores
544 635 673 699 nomine
684 632 874 698 Communis
885 629 1099 700 Venetiarum
1117 656 1158 700 ex
1174 655 1239 699 nna

104 751 205 826 parte,
222 749 256 807 et
266 744 434 809 Marinum
451 742 491 806 de
501 739 626 808 Cataro
643 743 771 808 nomine
782 739 970 808 Communis
981 740 1097 809 Catari
1109 766 1149 808 ex
1165 743 1241 808 alia.

194 850 367 938 Inprimis,
378 850 465 933 quod
482 850 623 935 quilibet
637 849 816 916 Catarinus
827 852 929 934 possit
938 857 1051 935 petere
1067 853 1100 917 in
1116 848 1241 916 Oetaeo

106 981 178 1024 cum
189 956 415 1041 cartaVeneti,
425 957 576 1024 habendo
596 959 856 1023 commissionem
866 959 934 1024 sive
950 965 1146 1042 potestatem
1162 959 1241 1040 eine,

106 1067 189 1130 sicut
206 1067 275 1149 ipse
292 1067 447 1148 Venetae,
463 1071 496 1130 et
512 1067 596 1131 sicut
612 1086 684 1131 cum
704 1086 764 1131 sua
780 1073 874 1132 carta
899 1067 1045 1150 propria,
1056 1088 1156 1149 (priam
1173 1066 1242 1130 sino

5 1185 6 1266 ff
107 1181 210 1254 carta,
222 1193 413 1257 quocunque
425 1173 521 1238 modo
532 1171 678 1241 debitum
694 1179 899 1238 contractum
925 1173 1033 1239 fuerit.
1052 1172 1138 1239 Item
1154 1172 1243 1256 quod

5 1337 7 1346 ,
109 1287 217 1347 mater
233 1302 297 1346 non
307 1283 414 1364 possit
429 1280 621 1347 subtrahere
632 1279 867 1347 bonafiliorum
877 1301 1022 1362 suornm,
1033 1279 1244 1363 queacquisi·

108 1391 217 1454 verint
232 1409 291 1454 sua
310 1387 476 1454 industria
492 1394 525 1452 et
542 1387 715 1471 probitate,
731 1389 765 1452 in
781 1386 1012 1454 detrimentum
1022 1386 1244 1466 Venetorum;

110 1497 197 1581 quod
214 1501 344 1575 matres,
362 1495 455 1559 vidue
471 1501 687 1577 remanentes,
697 1498 969 1562 teneanturinter
979 1497 1048 1562 dies
1059 1494 1244 1582 quindecim

110 1612 387 1672 amortesuorum
398 1604 551 1687 virorum,
571 1603 643 1668 fieri
659 1602 765 1669 facere
783 1605 1012 1685 inventarium,
1028 1605 1060 1668 in
1078 1603 1246 1687 quaternis

112 1713 211 1780 Ourie
222 1713 297 1778 inde
307 1711 416 1778 facere
434 1712 617 1794 registrari,
627 1717 663 1776 ut
679 1711 756 1776 sciri
771 1713 897 1794 possint
913 1711 996 1778 bona
1014 1733 1145 1777 suorum
1161 1713 1245 1776 viro·

110 1845 183 1888 rum
194 1845 201 1901 ;
213 1821 335 1905 (quodsi
346 1819 406 1884 hec
417 1818 636 1912 nonfacerint,
647 1819 717 1903 ipso
728 1817 818 1885 facto
835 1819 920 1885 bona
938 1822 1046 1886 onmia
1057 1820 1245 1902 siereperta

109 1931 175 1994 sint
201 1929 420 1995 creditoribus
446 1927 583 1994 Venetis
609 1928 757 1994 totaliter
782 1928 938 2010 obligata.
970 1929 1055 1995 Item
1072 1927 1161 2011 quod
1178 1924 1243 1991 fra-

12 2035 14 2040 ’
108 2044 185 2120 trae,
195 2039 372 2102 existentes
398 2039 430 2100 in
455 2035 602 2101 fraterne
617 2036 773 2101 societate
790 2043 964 2102 teneantur
980 2036 1117 2103 cuilibet
1133 2035 1244 2101 debito

110 2144 198 2211 sacto
225 2167 284 2228 per
304 2144 446 2226 aliquem
467 2143 609 2226 ipsorum
625 2165 699 2210 cum
716 2144 777 2208 hac
794 2143 987 2224 conditione,
1004 2145 1093 2228 quod
1107 2145 1165 2210 ille
1181 2143 1244 2208 fra-

110 2261 171 2332 ter,
197 2255 256 2335 qni
280 2253 420 2318 noluerit
445 2253 550 2316 teneri
576 2251 686 2319 debito
707 2250 818 2317 fratris
836 2253 895 2333 sui,
913 2259 988 2318 ante
1006 2253 1152 2318 debitum
1168 2273 1244 2316 con·

110 2366 255 2426 tractum
280 2359 400 2426 debeat
425 2358 540 2424 fecisse
566 2360 691 2426 cridari
717 2382 776 2443 per
802 2361 961 2444 riparium
987 2361 1073 2426 dicte
1098 2365 1187 2427 terre
1213 2359 1246 2423 in

109 2469 257 2553 plathea,
273 2466 322 2551 (et
349 2465 463 2550 scribi)
481 2489 538 2551 per
555 2466 730 2533 Notarium
756 2469 789 2532 in
815 2474 975 2550 quaterno
1000 2468 1199 2552 Communia
1214 2488 1248 2530 se

110 2577 199 2642 nolle
225 2584 337 2642 tenere
363 2575 405 2641 ad
430 2576 566 2657 aliquod
592 2576 738 2642 debitum
754 2577 866 2642 fratris
884 2581 944 2661 sui,
960 2586 992 2644 et
1009 2579 1122 2644 taliter
1137 2577 1241 2643 frater

110 2685 168 2767 qui
195 2685 241 2748 sic
257 2683 373 2749 fecerit
389 2683 510 2749 oridari
526 2691 558 2748 et
574 2684 682 2766 scribi,
697 2685 740 2751 ad
756 2684 900 2751 debitum
917 2685 1031 2752 fratris
1049 2667 1099 2752 sui
1115 2665 1245 2752 minime

110 2799 275 2858 teneatur.
302 2791 386 2856 Item
414 2790 500 2874 quod
527 2793 614 2872 socii,
641 2793 800 2858 habentes
826 2793 1024 2876 societatem,
1041 2794 1083 2858 ad
1100 2795 1248 2859 inivicem

110 2907 289 2967 teneantur
315 2899 359 2965 ad
385 2899 530 2964 debitum
556 2900 678 2966 factum
700 2923 760 2984 per
777 2901 917 2984 aliquem
933 2903 1088 2984 ipsorum,
1104 2900 1202 2982 quod,
1220 2901 1246 2966 si

107 3008 226 3074 fecerit
251 3007 375 3073 eridari
401 3021 433 3073 et
458 3007 577 3092 scribi„
591 3029 623 3072 se
650 3007 737 3074 nolle
763 3009 875 3087 teneri,
891 3014 928 3072 nt
945 3009 984 3074 de
1000 3007 1157 3074 fratribus
1173 3026 1246 3090 pro·

108 3121 198 3183 xime
228 3116 385 3200 scriptum
416 3122 464 3180 est
495 3116 653 3200 superins.
681 3117 767 3182 Item
793 3115 880 3198 quod
905 3115 1083 3183 (lommune
1108 3112 1245 3180 Oathari

109 3225 234 3291 debeat
258 3231 371 3290 tenere
388 3225 422 3288 in
439 3225 625 3290 carceribus
642 3226 708 3289 suis
727 3225 906 3306 quemlibet
922 3225 1107 3291 debitorem
1122 3222 1246 3289 Veneti

108 3343 173 3418 p'er
199 3333 361 3399 rationem
389 3335 601 3414 convinctum,
628 3341 686 3398 aut
712 3332 847 3398 fratrem
873 3333 937 3398 sire
959 3334 1082 3399 socium
1098 3333 1176 3417 eine,
1193 3333 1250 3396 ha·

109 3443 248 3508 bentem
274 3443 462 3509 societatem
487 3441 667 3508 fraternam
694 3464 765 3506 cnm
797 3443 863 3522 illo,
891 3465 949 3508 nec
967 3445 1090 3526 possint
1125 3463 1198 3508 eom
1214 3462 1252 3504 ve

111 3573 171 3616 eos
197 3551 368 3632 dimittere,
396 3571 567 3633 quousque
592 3551 681 3616 dicto
701 3549 831 3618 Veneto
852 3551 892 3617 de
909 3570 967 3617 sno
985 3552 1108 3618 credito
1125 3551 1250 3631 integre

108 3662 216 3727 fuerit
240 3657 465 3740 satisfactum3
482 3667 515 3724 et
540 3659 567 3723 si
594 3659 648 3724 ille
669 3659 719 3724 vel
736 3659 793 3740 illi,
810 3661 866 3745 qui
883 3663 930 3726 sic
945 3660 1065 3726 fuerint
1083 3655 1251 3734 carcerati,

109 3769 280 3836 haberent
290 3769 509 3856 possessiones
520 3769 608 3834 intra
626 3769 674 3834 vel
690 3775 783 3834 extra
800 3770 977 3847 civitatem,
992 3766 1134 3832 debeant
1150 3763 1252 3848 ipsius

110 3879 165 3945 vel
195 3879 339 3960 ipsorum
364 3876 449 3943 bona
475 3876 570 3942 vendi
591 3899 649 3960 per
666 3885 789 3943 terram
805 3877 848 3942 ad
864 3878 1031 3941 incrmtum
1049 3873 1134 3938 infra
1153 3891 1253 3935 unum

109 4007 268 4068 mensem,
295 3993 467 4070 postquam
493 3986 624 4069 incepta
644 3986 765 4050 fuerint
781 3987 962 4064 incantari,
988 3989 1020 4046 ot
1035 3980 1182 4059 dudices,
1199 3978 1255 4061 qui

108 4118 175 4182 per
202 4101 351 4177 tempora
376 4092 508 4172 fuerint,
533 4100 708 4159 teneantur
727 4095 834 4160 facere
852 4092 1016 4158 incantari
1031 4089 1179 4174 predicta
1196 4087 1255 4152 illa

110 4205 179 4286 die,
207 4225 273 4287 qua
298 4201 423 4268 fuerint
449 4203 602 4286 requisiti
627 4225 647 4266 a
664 4201 790 4268 Veneto
807 4201 970 4266 creditore
986 4197 1153 4282 predicto;
1169 4193 1257 4279 quod

112 4317 142 4382 si
163 4311 307 4380 Judices
334 4310 382 4376 vel
407 4311 556 4394 ipsorum
583 4311 667 4376 alter
683 4333 748 4376 non
764 4309 1009 4377 observaverint
1036 4327 1093 4372 suo
1110 4311 1257 4388 tempore

107 4425 265 4506 ipsorum
291 4419 430 4504 quilibet
458 4441 521 4485 non
549 4419 725 4485 observans
741 4420 920 4496 dundaxat,
939 4422 972 4482 ut
991 4423 1041 4482 est
1055 4415 1188 4497 dictum,
1205 4433 1258 4496 pe-

106 4551 193 4596 nam
209 4535 430 4592 trecentorum
447 4549 701 4610 ypperperorum
713 4527 845 4605 incidat,
855 4524 1009 4590 Dominio
1023 4524 1140 4589 Raecie
1151 4520 1257 4605 appli-

1092 4632 1154 4698 22*
