3170 5234
576 327 668 387 13211.
1118 327 1181 386 ale

2 497 3 588 J
59 506 147 586 nouit
162 507 202 568 in
219 505 317 570 nobis
334 509 367 568 et
383 501 668 588 predecessoribus
687 501 807 566 nostris
839 523 1005 586 nunqnam
1037 503 1181 584 cognita,

2 607 3 616 ¹
58 613 101 680 rel
115 617 166 678 inu
174 611 273 698 enta),
293 631 352 677 uec
367 611 616 677 intendebamus
642 609 733 675 illam
759 611 900 674 retinere
926 633 986 694 pro
1004 609 1105 690 nobis,
1123 611 1180 674 sed

58 722 275 805 querebamus
294 719 382 803 quod
398 721 432 783 in
449 740 508 785 sua
525 719 679 784 libertate
705 726 932 802 permaneret,
948 719 1073 784 iuribus
1099 719 1179 784 dicti

2 849 3 856 ’
58 831 136 897 Bani
151 836 182 896 et
198 823 376 896 cuiuslibet
392 829 527 894 alterius
544 831 578 893 in
605 828 714 911 aliquo
746 829 876 894 minime
901 828 1074 894 diminutis.
1093 824 1179 910 Qua·

57 945 183 1024 propter
199 960 239 1002 ex
255 939 430 1022 premissis
448 936 625 1003 secundum
651 937 868 1002 omnimodam
894 937 1062 1000 veritatem
1079 935 1179 1020 expli·

2 1092 3 1110 1
59 1050 134 1113 catis
150 1047 322 1112 ambaxate
338 1053 370 1110 et
386 1045 592 1127 requisitioni
608 1043 743 1110 Domini
759 1044 845 1110 Bani
861 1065 1053 1128 responsum
1070 1051 1119 1109 est
1135 1041 1177 1110 ad

59 1156 186 1242 plenum,
201 1176 260 1238 per
278 1154 365 1238 quod
383 1155 461 1218 satis
488 1160 636 1238 apparet,
664 1155 827 1218 dominum
844 1152 970 1218 Ducem
985 1152 1174 1217 rationabili

60 1283 148 1328 causa
164 1268 297 1344 motum,
314 1261 489 1327 secundum
506 1260 613 1326 Deum
630 1268 662 1326 et
694 1267 815 1326 statum
830 1259 1002 1343 pacificum
1018 1261 1177 1342 regionis,

1 1375 2 1440 ἐ
59 1369 269 1434 etsecundum
301 1389 424 1432 morem
450 1367 719 1452 predecessorum
745 1389 885 1446 suorum,
913 1373 946 1431 et
977 1367 1046 1430 sine
1063 1367 1176 1448 aliqua

1 1471 2 1552 ἶ
60 1477 170 1541 iniuria
186 1475 329 1540 eiusdem
347 1475 468 1540 domini
484 1476 581 1556 Bani,
599 1480 635 1538 ut
652 1475 798 1558 superius
816 1474 1011 1556 declaratur,
1021 1481 1053 1538 et
1070 1473 1177 1540 adhuc

1 1649 2 1668 p
60 1585 268 1666 proponimus
285 1583 391 1666 ipsum
408 1582 572 1647 dominum
589 1583 715 1648 Banum
731 1603 791 1664 pro
808 1581 927 1647 dilecto
944 1588 977 1647 et
992 1581 1176 1648 honorabili

60 1693 120 1755 ciue
135 1689 351 1755 amicabiliter
366 1695 518 1770 tractare,
545 1695 578 1754 et
609 1695 766 1754 consueta
782 1688 1009 1753 beneuolentia
1025 1695 1058 1753 et
1074 1691 1177 1754 curia-

1 1782 2 1864 1
59 1799 143 1863 litate
159 1799 312 1881 prosequi
329 1803 360 1860 et
376 1797 493 1876 favere,
510 1797 684 1862 dummodo
701 1819 738 1860 ex
755 1805 848 1880 parte
875 1797 976 1879 ipsius
992 1819 1057 1863 non
1073 1819 1176 1864 rema·

1 1941 2 1978 1
60 1914 129 1971 neat
145 1928 203 1971 nec
220 1908 317 1971 detur
332 1907 424 1972 nobis
441 1929 501 1990 per
534 1929 606 1972 eum
623 1927 724 1972 causa
739 1907 904 1988 contrarii,
920 1907 1007 1988 qnod
1024 1930 1088 1972 non
1114 1930 1177 1972 cre-

1 2003 2 2010 *
62 2016 172 2100 dimus,
189 2037 319 2104 senrpcr
344 2015 378 2078 in
404 2017 497 2082 nobis
522 2016 664 2080 inveniet
689 2015 732 2095 id,
748 2036 806 2098 per
832 2014 918 2097 quod
936 2015 1025 2081 dicta
1041 2015 1177 2082 benevo-

1 2140 2 2200 j
62 2123 158 2189 tentia
181 2143 297 2188 conse:
308 2173 312 2183 .
323 2124 372 2190 cri
387 2124 510 2206 poterit
525 2129 558 2188 et
574 2124 694 2205 augeri.

1 2365 2 2374 ἵ
58 2377 65 2422 l
112 2377 120 2425 l
159 2305 371 2364 (Afflronesisr
389 2300 654 2367 cennomannis
679 2303 746 2352 kbzt
773 2307 813 2351 51.
838 2318 883 2367 sa,
909 2318 925 2352 a
950 2301 1175 2368 velenczeinagy

1 2377 2 2396 ¹
68 2377 109 2425 eve'
122 2377 228 2428 ta'rban.

531 2555 688 2564 --—---v·-—

59 2953 162 3017 XXII.
187 2955 291 3019 Janos
312 2957 405 3038 pdpo
431 2949 626 3037 aaeyenpedi,
652 2953 732 3037 kopp
757 2950 891 3015 1111111111
918 2949 982 3014 trin
998 2949 1177 3035 afereacz·

224 3061 359 3125 aaudiat·
377 3064 528 3124 ezdrac'ro
546 3060 698 3126 kolostcrt
715 3059 900 3143 e'pitbescca.
918 3058 1013 3122 1320.

1 3301 2 3310 ἵ
154 3220 323 3286 Jobannes
349 3220 530 3303 Episcopus
557 3240 669 3284 seruus
696 3237 864 3284 seruorum
881 3215 944 3281 Dei
960 3217 1085 3282 dilectis
1101 3215 1176 3281 filiis

1 3319 2 3396 ζ
58 3325 199 3392 Ministro
225 3335 257 3392 et
273 3327 430 3392 fratribus
458 3327 592 3393 Ordinis
609 3327 777 3391 Minorum
794 3326 832 3390 dc
850 3325 1022 3392 Sclavonia
1038 3325 1176 3391 salutem

58 3439 85 3495 et
100 3432 321 3516 Apostolicam
341 3433 608 3499 benedictionem.
626 3431 725 3498 Sacre
743 3441 848 3498 vestre
865 3432 1032 3516 religionis
1048 3433 1175 3514 merita,

58 3541 109 3604 snb
133 3563 193 3625 qua
219 3543 375 3607 virtutum
401 3527 551 3608 Domino*
564 3543 745 3607 militantes
765 3542 855 3608 vobis
871 3564 929 3624 per
945 3542 1008 3608 vite
1024 3543 1176 3606 meritum

58 3653 86 3711 et
103 3648 170 3714 aliis
188 3649 348 3732 proficitis
363 3671 422 3734 per
439 3650 629 3732 exemplum,
646 3650 773 3716 institor
790 3655 978 3733 exposcunt,
994 3655 1029 3712 ut
1045 3650 1175 3733 petitio-

57 3755 142 3820 nibus
166 3758 281 3822 vestris
310 3757 536 3824 t'auorabiliter
552 3779 742 3822 annuamus.
760 3757 846 3838 Sane¹
860 3759 977 3840 petitio
994 3763 1105 3824 vestra
1120 3778 1174 3822 no-

57 3863 101 3928 bis
124 3865 266 3931 exhibita
283 3865 479 3947 continebat,
499 3865 587 3950 quod
607 3865 746 3930 dilectus
762 3865 845 3929 filius
861 3866 980 3931 nobilis
998 3866 1046 3930 vir
1062 3865 1174 3930 Banus

56 3971 222 4054 blladinns,
249 3975 318 4040 zelo
344 3975 396 4059 pie
422 3976 608 4041 denotionis
633 3975 793 4054 inductus,
810 3975 1013 4041 Contentum
1033 3975 1173 4042 fratrum

1 4125 2 4138 ,
56 4083 144 4146 vestri
161 4083 295 4151 Ordinis
312 4083 345 4147 in
361 4083 508 4148 Ecclesia
527 4081 639 4148 Sancti
655 4081 828 4164 Jobanuis,
846 4080 1078 4148 Scradonensis
1093 4082 1173 4147 Die-

56 4188 243 4274 nusquam
255 4190 578 4275 quondamlegitima
594 4198 671 4256 tunc
687 4212 767 4256 uxor
784 4190 947 4274 quondam
964 4188 1063 4255 Pauli
1081 4189 1173 4272 Bani,

56 4293 124 4360 dicti
146 4297 230 4363 Beni
258 4299 400 4364 Mladini
426 4305 539 4379 mater,
556 4299 597 4364 ad
614 4299 792 4382 lrocipsum
808 4320 881 4363 curn
898 4298 1091 4382 quibusdam
1108 4297 1173 4364 edi·

57 4401 130 4467 ficiis
144 4403 289 4471 Ecclesic
306 4407 454 4490 predicte
480 4405 652 4487 adiunctis,
679 4407 831 4474 edificare
856 4406 992 4487 curauit,
1012 4407 1102 4489 cupit
1117 4404 1173 4470 ba-

59 4508 128 4590 beri,
153 4515 207 4580 ubi
223 4512 386 4579 Maiestas
403 4513 566 4580 Altissimi
588 4516 810 4598 collaudetur;
829 4537 867 4581 ac
882 4520 1059 4599 propterea
1076 4515 1176 4580 eccle-
