3170 5234
542 326 548 338 ’
604 330 698 400 1308.

619 679 692 738 238.

100 836 280 920 Gredonipo
291 836 386 899 Peter
402 835 600 919 viposetolja
618 836 649 898 6⁸
665 834 857 898 tandcsdcal
875 837 1056 921 ldmopatja
1065 836 1214 925 Franqe·

153 948 219 1030 pain
236 943 358 1008 Lenaee
373 943 488 1008 boldla
504 948 586 1008 aido
602 943 718 1008 artaok
734 943 866 1028 ledaydl
883 944 1041 1009 Zoaettdt.
1065 944 1158 1010 1308.

1 1178 2 1226 1
196 1139 315 1204 Petrus
342 1136 532 1203 Gradonico
557 1135 621 1202 Dei
645 1137 756 1220 gratia
769 1135 849 1200 Dux
864 1133 1088 1218 Venetianum,
1112 1136 1215 1205 nobili

1 1239 2 1290 ἶ
100 1250 128 1308 et
150 1247 276 1330 egregie
299 1247 438 1325 mulieri,
463 1245 529 1311 filie
554 1243 719 1326 quondam
738 1243 874 1326 Egregii
890 1243 1056 1310 Leonardi
1073 1242 1214 1312 Comitis

1 1373 2 1428 ζ
98 1353 363 1437 Vegle,Vinodoli
378 1358 411 1418 et
426 1352 587 1418 Modruxe
603 1373 642 1416 ac
653 1350 789 1434 Gezege,
806 1353 896 1434 nepti
912 1373 969 1416 sue
984 1351 1111 1433 dilecte,
1127 1353 1213 1419 salu·

1 1459 2 1491 r
97 1467 206 1527 temet
222 1461 406 1528 dilectionis
422 1461 583 1527 affectum.
614 1457 754 1528 Vestras
769 1479 872 1542 nuper
888 1461 1069 1542 recepimus
1085 1460 1214 1527 litteras

1 1577 2 1651 ξ
97 1571 176 1635 inter
190 1576 298 1636 cetera
318 1571 531 1648 continentes,
556 1567 699 1650 qualiter
715 1573 809 1650 pater
824 1573 930 1634 vester
945 1567 1111 1650 predictus
1128 1568 1214 1634 diem

1 1727 2 1752 ,
97 1678 208 1745 elausit
223 1684 411 1760 extremum,
438 1677 524 1759 quod
549 1675 645 1742 nobis
661 1674 827 1757 displicuit
842 1680 875 1738 et
891 1674 1044 1758 displicet
1059 1675 1144 1740 sieut
1159 1675 1214 1752 de·

1 1801 2 1873 ζ
96 1784 155 1850 bet.
172 1783 392 1851 Continebant
409 1787 541 1868 insuper
557 1788 664 1848 vestre
680 1783 789 1847 littere
804 1787 991 1862 memorate,
1008 1784 1096 1864 quod
1106 1783 1213 1850 dictus

1 1881 2 1942 ἶ
95 1897 181 1974 pater
195 1897 302 1958 vester
318 1894 484 1959 ordinauit
499 1895 533 1957 in
549 1912 607 1956 suo
623 1896 827 1970 testamenta
846 1890 933 1974 quod
948 1891 1105 1956 darentur
1121 1891 1212 1957 uobis

1 1987 2 2066 ἔ
95 1998 132 2064 ee
146 2001 236 2065 sons
252 1999 319 2064 suis
334 2000 398 2066 nuo
414 2001 517 2066 mnne
532 2000 911 2066 librar-undenariorum
920 1997 1121 2068 Venetorum
1136 2019 1211 2081 par·

1 2117 2 2190 3
95 2127 211 2188 uorum,
227 2113 261 2171 et
276 2107 339 2172 hoc
355 2109 531 2172 conunissit
549 2107 670 2172 Comiti
685 2105 815 2190 Duymo
831 2110 865 2170 et
880 2104 1053 2188 nepotibus
1069 2107 1152 2183 suis;
1178 2110 1211 2169 et

94 2214 356 2295 quiaaudiuistis,
373 2214 461 2294 quod
471 2211 589 2281 Comes
599 2215 738 2280 Duimus
754 2212 897 2277 velitvos
907 2212 941 2276 in
951 2210 1125 2294 Hungario
1135 2232 1211 2294 par·

1 2373 2 2386 ,
92 2319 174 2386 tibus
191 2321 306 2404 nuptui
322 2322 464 2400 tradere,
490 2320 577 2402 quod
596 2322 721 2386 animus
737 2325 842 2384 vester
858 2317 1062 2383 nullactenus
1079 2339 1212 2384 consen·

1 2455 2 2468 ¹
94 2428 174 2508 tiret,
201 2428 426 2494 desiderantes
441 2429 549 2510 potius
565 2433 706 2492 vestram
722 2425 831 2506 vitem,
857 2426 957 2490 donec
971 2425 1044 2490 Deo
1060 2426 1212 2509 placebit,

94 2555 189 2616 penes
206 2556 265 2600 nos
281 2535 408 2616 ducere,
424 2542 457 2599 et
474 2535 556 2598 alios
572 2540 702 2600 nostros
718 2534 881 2618 proximos
892 2537 925 2596 et
934 2536 1095 2614 parentes,
1111 2554 1209 2614 quam

94 2643 195 2709 viuere
210 2645 245 2709 in
263 2643 343 2708 locis
358 2645 520 2708 extraneis
537 2649 570 2706 et
585 2641 781 2724 longinquis.
831 2641 1017 2724 Eapropter
1033 2659 1092 2704 nos
1109 2641 1212 2722 preci-

1 2759 2 2792 ³
93 2748 147 2814 bus
162 2749 341 2817 humilibus
357 2752 576 2834 supplicastis,
593 2749 681 2832 quod
692 2748 899 2832 dignaremur
907 2749 941 2813 in
951 2749 1013 2814 hiis
1024 2769 1080 2814 vos
1090 2745 1212 2814 auxilio

92 2863 199 2924 nostro
216 2864 249 2922 et
265 2857 401 2923 oonsilio
418 2878 575 2936 recreare,
599 2879 671 2922 cum
687 2861 791 2921 vestre
807 2856 997 2921 intentionis
1013 2856 1139 2934 existat,
1155 2873 1212 2920 vos

1 3043 2 3066 Χ
92 2969 123 3027 et
135 2964 223 3030 faeta
239 2971 346 3032 restra
362 2986 475 3049 regere
493 2970 525 3030 et
540 2965 723 3048 gubernare
738 2965 832 3030 iuxta
847 2968 956 3028 nostre
971 2961 1212 3045 beneplacitum

1 3069 2 3147 Ῐ
90 3071 281 3153 voluntatis3
306 3072 510 3154 requirentes
527 3091 596 3152 nos,
623 3069 710 3154 quod
726 3076 796 3135 tam
816 3070 856 3135 de
872 3073 983 3134 nostro
999 3073 1095 3151 statu,
1111 3087 1210 3152 quam
1242 3103 1247 3110 ·

1 3227 2 3246 2
91 3177 127 3244 de
139 3178 237 3246 modo
253 3185 286 3245 et
301 3179 352 3245 ria
369 3180 522 3262 exigendi
549 3179 653 3243 dictos
671 3177 820 3244 denarios
836 3176 927 3242 vobis
942 3182 1090 3242 nostrum
1106 3172 1210 3240 oonsi-

90 3285 165 3350 lium
181 3288 324 3353 scribere
340 3287 560 3370 dignaremur.
577 3283 634 3351 Ad
651 3305 791 3366 quorum
802 3284 984 3368 significata
993 3282 1086 3348 uobis
1095 3288 1210 3348 tenore

1 3447 2 3486 ,
90 3394 283 3474 presentium
310 3393 552 3478 respondemus,
578 3391 667 3476 quod
692 3392 720 3456 si
733 3390 807 3455 Deo
824 3390 1001 3474 placuisset
1015 3409 1214 3454 conseruare

90 3499 208 3566 dietum
223 3506 350 3583 patrem
365 3506 507 3566 restrum
523 3501 557 3568 in
567 3498 629 3566 heo
640 3501 718 3581 rita,
733 3499 825 3565 nobis
836 3497 1010 3581 plurimum
1020 3497 1214 3582 placuisset;
1252 3528 1256 3537 ·

1 3609 2 3646 l
89 3607 292 3690 et'quomuis
316 3606 448 3692 negotia
466 3613 581 3674 nostra
596 3609 726 3674 uiuente
741 3613 837 3689 patre
854 3611 960 3673 vestro
977 3605 1059 3671 satis
1074 3605 1213 3670 fuissent

1 3759 2 3788 Τ
87 3715 177 3781 nobis
203 3715 373 3798 commodi,
399 3716 502 3781 multo
528 3717 633 3798 magis
658 3736 744 3780 nuno
764 3734 803 3778 ea
818 3713 1018 3778 intendimus
1034 3710 1212 3777 efficaciter

1 3855 2 3902 }
86 3828 296 3904 pretractare.
328 3819 385 3887 Ad
411 3844 451 3887 ea
475 3842 562 3906 vero,
587 3843 648 3904 que
668 3821 760 3887 nobis
777 3819 962 3902 scripsistis,
988 3818 1076 3902 quod
1093 3815 1211 3884 Comes

87 3927 233 4014 Duimus,
258 3930 343 3995 sicut
371 3928 553 4013 audiuistis,
578 3950 634 3995 ros
660 3928 803 3994 intendit
828 3929 983 3992 maritare
1009 3925 1212 4008 inpartibus

1 4033 2 4118 J
86 4037 273 4123 Hungarie;
300 4043 332 4102 et
350 4037 437 4120 quod
455 4037 583 4102 animus
599 4044 707 4101 vester
723 4035 843 4100 adhoc
858 4034 948 4101 nullo
966 4034 1063 4099 modo
1080 4053 1212 4099 eonsen-

1 4143 2 4152 *
87 4148 169 4229 tirel,
185 4167 257 4211 cum
275 4145 318 4210 sit
333 4152 440 4211 vestre
457 4144 656 4224 intentionis,
685 4145 794 4227 potius
809 4144 911 4208 vitam
926 4149 1078 4226 vestram,
1106 4141 1212 4206 donec

1 4323 2 4338 ,
86 4253 153 4319 Deo
170 4253 340 4337 placuerit,
366 4274 466 4336 penes
490 4275 548 4316 nos
565 4252 692 4335 ducere,
718 4273 817 4334 quam
832 4253 866 4317 in
882 4251 1046 4318 extraneis
1062 4250 1211 4334 partibus

1 4439 2 4448 ἵ
86 4361 189 4427 viuere
205 4367 238 4426 et
257 4360 466 4444 longinquis;
491 4358 738 4442 respondemus:
763 4357 859 4443 Quod
875 4358 969 4425 nobis
985 4360 1121 4425 multum
1139 4359 1209 4443 pla·

90 4477 139 4536 oet
153 4475 262 4536 restra
282 4467 429 4550 intentio,
446 4475 479 4534 et
495 4489 551 4534 vos
568 4473 722 4552 oriamur,
738 4474 772 4532 vt
787 4469 821 4531 in
837 4467 902 4534 ista
912 4473 1022 4534 restra
1031 4468 1214 4536 intentione
