3170 5234
420 412 484 474 210
767 430 1002 477 nrrnonnozmr
1018 417 1186 475 nundinis.

420 588 510 668 genti
526 609 604 652 eure
620 587 723 654 facies
733 590 899 655 custodiri.
916 589 1041 654 Datum
1050 588 1193 672 Neapoli
1203 610 1264 672 per
1274 589 1527 654 Bartholomeum

419 696 458 758 de
484 694 600 779 Cepuo'
622 698 759 763 militem
785 702 845 762 ete.
872 719 957 762 enno
982 695 1115 761 Domini
1131 696 1194 760 Mn
1213 694 1298 762 CCC
1307 708 1324 759 ⁰.
1342 694 1469 764 XVII⁰.
1484 693 1528 756 die

419 800 557 870 XXVI.
573 802 689 887 Martij
707 804 786 872 XV.
810 805 1007 886 indictionis,
1033 804 1226 886 Regnorum
1251 813 1435 868 nostrorum
1457 820 1529 864 enno

421 913 545 974 octavo.

530 1053 565 1112 (A
580 1053 718 1118 »Registri
732 1055 882 1119 Angioini«
909 1055 940 1105 B.
954 1059 1015 1106 208.
1028 1069 1066 1106 sz.
1086 1071 1110 1104 e..
1125 1057 1192 1120 Reg.
1206 1057 1326 1106 Roberti
1340 1057 1362 1106 Ι.
1375 1055 1431 1104 nm.
1447 1053 1532 1113 1421„

422 1155 455 1192 ez
469 1143 543 1193 olasz
558 1143 610 1193 kir.
625 1143 736 1194 Grande
749 1145 943 1194 ArchiviOban
958 1140 1146 1211 Nepolybnn.)

909 1323 1016 1330 -......,—
1024 1323 1068 1330 -——

428 1605 628 1676 Avolenczeo'
653 1612 863 1697 kdzta'rsosdq
888 1612 940 1675 ku
964 1612 1080 1675 kdvetet
1104 1611 1186 1675 kuld
1202 1609 1340 1689 Milutin
1358 1607 1538 1674 lorotelli.

745 1721 828 1783 Uros
844 1719 931 1782 rzerb
947 1719 1127 1802 kirdlyhoz.
1146 1721 1230 1781 1317
1234 1767 1240 1780 .

535 1893 633 1979 Quod
650 1917 723 1962 cum
740 1917 799 1979 per
811 1896 936 1979 Regem
947 1894 1101 1964 Vrosium
1118 1901 1151 1959 et
1167 1901 1295 1978 gentem
1312 1917 1412 1977 snam,
1426 1898 1541 1962 nouiter

428 2007 608 2069 venientem
635 2024 732 2088 super
756 2005 922 2080 territorio
939 2004 1078 2086 Ragusii
1094 2025 1193 2068 monu
1209 2011 1346 2088 armata,
1373 2007 1435 2072 sint
1450 2004 1541 2068 multa

429 2119 462 2177 et
490 2113 606 2196 grauia
632 2112 751 2176 demna
777 2109 948 2177 Communi
975 2119 1007 2176 et
1030 2110 1215 2178 hominibus
1230 2111 1373 2195 Ragusii
1388 2114 1418 2176 in
1435 2111 1541 2176 hauere

430 2227 463 2285 et
489 2220 636 2303 personis
662 2217 795 2303 (illata),
821 2220 905 2285 siout
921 2221 1077 2302 seriptum
1098 2225 1148 2284 est
1164 2218 1255 2284 nobis
1271 2241 1330 2302 per
1348 2217 1501 2286 Comitem
1515 2225 1542 2282 et

429 2325 694 2393 Vniuersitatem
708 2325 868 2408 Regusii:

541 2435 685 2516 Capta
717 2433 807 2498 fuit
838 2456 960 2518 pars:
993 2435 1080 2517 quod
1104 2434 1277 2499 mitt-antur
1293 2423 1336 2500 sd
1351 2436 1475 2516 Regem
1489 2433 1543 2498 duo

434 2542 673 2625 ambaxatores,
690 2542 804 2625 quibus
821 2545 1010 2609 comittatur
1026 2543 1112 2607 inter
1128 2542 1203 2622 alia,
1220 2541 1308 2625 quod
1318 2539 1544 2623 vadantRngu-

435 2652 528 2730 sium,
545 2657 577 2714 et
588 2649 630 2714 ed
641 2647 763 2714 dietum
774 2649 900 2731 Regem
911 2651 939 2714 si
949 2671 1078 2715 neeesse
1094 2649 1201 2730 fuerit,
1217 2656 1250 2715 et
1259 2651 1399 2714 renitent
1413 2670 1545 2714 amorem
1571 2731 1572 2736 ἵ

436 2767 469 2824 et
495 2757 701 2823 dilectionem
726 2758 903 2840 antiquam,
930 2781 992 2842 que
1010 2779 1137 2842 semper
1151 2757 1213 2822 fuit
1227 2759 1313 2823 inter
1329 2757 1430 2824 Suum
1444 2756 1546 2823 Excel-

437 2868 581 2948 lentiem,
598 2874 630 2931 et
646 2888 705 2932 nos
721 2873 754 2930 et
771 2863 948 2932 Commune
964 2873 1129 2946 nostrum3
1150 2873 1183 2931 et
1198 2866 1358 2950 quomedo
1375 2864 1473 2933 Suam
1487 2865 1547 2931 Ma·

433 2978 585 3042 instatem
601 2974 838 3056 honoravimus,
863 2979 897 3038 et
913 2975 1089 3041 amicitiem
1105 2997 1198 3042 suam
1214 2996 1325 3040 earam
1340 2975 1508 3040 habuimus
1521 2976 1546 3036 et

433 3085 555 3150 habere
580 3081 785 3160 intendimus,
811 3089 843 3144 et
869 3082 955 3164 quod
980 3083 1048 3165 ipse
1073 3083 1172 3163 novit,
1198 3083 1284 3166 qued
1300 3081 1461 3166 Ragusini
1486 3085 1547 3146 sunt

433 3191 540 3256 nostri
564 3189 684 3256 subditi
701 3195 734 3253 et
750 3188 870 3271 fideles,
896 3211 976 3273 quos
993 3212 1138 3256 ememus
1155 3195 1188 3256 et
1204 3192 1320 3257 charos
1337 3190 1500 3272 habemus,
1520 3194 1547 3251 et

435 3319 493 3364 suo
518 3297 708 3382 gravamina
732 3319 790 3361 nos
807 3304 946 3380 gravant
962 3307 994 3363 et
1011 3305 1124 3365 nostra
1140 3289 1347 3382 reputemus;
1372 3305 1405 3364 et
1420 3301 1546 3364 tractent

433 3415 465 3472 et
490 3411 665 3490 procurent
692 3427 805 3488 paoem
830 3406 916 3471 inter
943 3408 1051 3490 ipsum
1077 3407 1244 3473 deminum
1260 3406 1386 3490 Regem
1406 3413 1441 3472 et
1457 3407 1546 3471 dictos

431 3515 630 3598 Ragnsinos,
655 3513 739 3579 siout
754 3514 800 3578 eis
818 3513 990 3581 ridebitur.
1025 3517 1073 3580 Et
1088 3517 1174 3581 eirea
1189 3517 1252 3580 hoo
1268 3517 1490 3580 committatur
1503 3514 1547 3586 eis,

436 3625 521 3688 sicut
546 3621 709 3686 videbitur
725 3621 876 3703 Domino,
903 3619 1110 3687 Consiliuriis
1128 3629 1161 3687 et
1177 3619 1347 3708 Capitibus
1364 3623 1404 3688 de
1421 3621 1547 3707 quadra·

433 3733 533 3816 ginta.
571 3731 616 3795 Et
641 3727 690 3792 illi
717 3731 773 3810 qui
799 3735 895 3792 erunt
919 3731 1023 3809 electi,
1048 3729 1191 3795 habeant
1217 3731 1326 3796 soldos
1343 3731 1548 3814 quadraginta

433 3859 622 3922 grossorum
647 3857 707 3921 pro
734 3836 880 3919 quolibet
905 3857 964 3918 pre
991 3838 1123 3918 salario,
1149 3845 1180 3902 et
1206 3839 1328 3903 vadant
1344 3839 1387 3903 ad
1405 3857 1547 3924 expensus

435 3943 626 4011 Communis
652 3943 692 4009 de
715 3946 836 4027 grossis
855 3943 986 4011 XVIII
1002 3945 1034 4008 in
1052 3945 1103 4010 die
1120 3966 1180 4029 pro
1198 3945 1361 4029 quolibet;
1386 3953 1420 4012 et
1436 3947 1491 4012 alii
1504 3944 1549 4008 he-

433 4054 541 4134 beant,
567 4074 630 4136 que
657 4052 779 4118 habent
794 4051 1023 4117 ambaxntores
1041 4075 1060 4117 a
1077 4054 1197 4136 grossis
1213 4051 1344 4120 XVIII
1360 4061 1394 4118 et
1410 4055 1499 4121 illurn
1513 4051 1525 4116 s
1540 4087 1548 4098 ·

433 4163 568 4240 milium,
585 4168 617 4225 et
631 4165 807 4225 teneantur
824 4160 1021 4243 respondere
1038 4162 1109 4244 ipso
1120 4162 1180 4242 die,
1197 4161 1373 4246 minitere,
1390 4186 1456 4247 quo
1468 4165 1547 4228 erunt

435 4270 539 4348 electi,
555 4276 589 4334 et
604 4268 651 4334 ire
668 4269 711 4334 ad
728 4267 929 4334 voluntatem
947 4269 1070 4334 domini
1085 4268 1197 4352 Ducis
1214 4277 1248 4334 et
1265 4271 1316 4335 sui
1334 4273 1472 4337 consilii.

537 4376 645 4442 Eleeti
663 4375 754 4441 fuere
771 4374 924 4442 Andreas
940 4376 1097 4442 Dandulo
1114 4383 1147 4440 et
1162 4376 1282 4442 Petrus
1298 4377 1431 4444 Polnni.

537 4502 572 4562 (A
585 4502 724 4553 velenezei
736 4517 811 4566 nagy
822 4505 918 4552 tantos
926 4501 1198 4571 jegyztkdnyvebdl‚
1209 4519 1226 4553 a
1239 4505 1381 4554 velenezei
1393 4519 1471 4572 nagy
1480 4501 1547 4553 level·

439 4590 558 4652 tdrben).

919 4667 1073 4682 mnu-...0
