3170 5234
392 357 456 418 220
741 351 974 419 nrrnorsucniau
999 361 1165 418 sautans.

390 531 472 598 siam
500 533 605 615 ipsam
632 533 820 616 recipiendi,
848 532 958 618 ibique
983 532 1124 616 ponendi
1153 532 1355 600 Conventum
1382 532 1510 600 fratrum

393 637 528 708 Ordinis
545 637 736 724 supradicti,
751 640 843 707 vobis
863 641 978 724 largiri
998 639 1163 708 licentiam
1181 665 1202 709 a
1220 641 1315 709 uobis
1331 640 1512 726 suppliciter

389 748 575 832 poslulurit.
600 747 672 816 Nos
696 749 807 835 igitur,
832 751 888 836 qui
913 750 977 833 piis
992 751 1074 817 votis
1091 751 1234 818 fidelium
1250 751 1392 819 libenter
1408 752 1511 818 annui·

390 875 463 921 mus
482 892 524 904 -
571 891 615 902 -
661 893 704 903 -
755 897 791 907 -
810 856 1199 941 quantumnobisexalto
1216 860 1417 943 permittitur
1432 860 1512 928 fauo·

390 963 542 1030 rabiliter
571 963 768 1044 exaudime,
797 965 877 1032 dicti
902 964 1019 1032 nobilis
1046 967 1342 1051 supplicationibus
1366 966 1506 1033 inclinati

389 1071 568 1158 recipiendi
592 1073 774 1140 Ecclesiam
798 1075 904 1158 ipsam
930 1096 1001 1140 cum
1028 1073 1163 1141 edifiicis
1183 1073 1390 1158 supradictis,
1412 1081 1446 1140 et
1460 1075 1513 1140 ibi·

391 1177 464 1246 dem
481 1178 685 1249 Conuentum
704 1181 841 1248 fratrum
856 1182 1076 1265 predictorum
1092 1184 1243 1266 ponendi,
1258 1189 1356 1267 prout
1370 1182 1514 1249 videbitis

391 1286 552 1371 expedire,
561 1309 626 1354 non
637 1289 788 1356 obstante
799 1290 1006 1356 restitutione
1015 1289 1121 1357 felicis
1136 1291 1375 1358 recordationis
1390 1289 1513 1356 Bonifa-

390 1396 430 1462 tii
455 1394 546 1480 Pape
565 1397 684 1464 Octaui
709 1397 950 1481 predecessoris
974 1401 1090 1481 nostri,
1115 1421 1180 1484 qua
1197 1399 1374 1483 inhibetur,
1391 1420 1433 1464 ne
1448 1399 1513 1464 reli·

393 1503 476 1588 giosi
499 1505 721 1571 mendicantes
741 1505 775 1570 in
800 1505 913 1588 aliqua
931 1503 1086 1587 Ciuitate,
1095 1502 1222 1588 Castro,
1233 1506 1312 1572 villu
1328 1506 1379 1571 vel
1394 1505 1464 1573 loco
1479 1506 1513 1572 de

392 1633 476 1680 nouo
501 1611 573 1679 loca
589 1612 750 1698 recipiant
769 1613 893 1697 absque
913 1611 1008 1681 Sedis
1019 1611 1213 1699 Apostolice
1231 1613 1365 1680 licentia
1380 1614 1514 1699 speciali,

392 1741 457 1786 nou
483 1719 624 1786 faciente
658 1721 788 1804 plenam
814 1729 847 1788 et
866 1743 1053 1806 expressam
1070 1721 1111 1787 de
1126 1721 1320 1788 inhibitione
1337 1721 1514 1789 huiusmodi

393 1827 608 1910 mentionem,
622 1827 753 1912 plenam
779 1837 812 1897 et
835 1830 975 1897 liberam
993 1831 1084 1898 vobis
1104 1829 1310 1897 concedimus
1326 1831 1514 1896 auctotitste

392 1937 591 2021 presentium
606 1936 796 2003 facultatem
812 1937 881 2003 sine
896 1937 976 2003 iuris
1007 1936 1182 2020 preiuditio
1206 1935 1316 2004 alieni.
1332 1937 1426 2005 Nulli
1442 1959 1512 2022 ergo

393 2045 522 2112 omuino
547 2045 712 2112 hominum
737 2045 837 2113 liceat
860 2045 946 2111 hunc
970 2047 1123 2131 paginam
1152 2051 1263 2113 nostre
1301 2047 1512 2113 concessionis

393 2153 579 2238 infringere,
598 2155 648 2220 vel
667 2155 698 2220 ei
715 2177 797 2222 ausu
813 2157 988 2222 temerario
1003 2155 1178 2222 contraire.
1196 2152 1233 2220 si
1248 2153 1321 2238 quis
1338 2159 1448 2220 autem
1462 2153 1514 2219 heo

395 2267 557 2348 temptare
576 2263 821 2348 presumpserit,
841 2264 1097 2346 indignationem
1119 2258 1371 2348 Omnipotentes
1399 2260 1461 2327 Dei
1487 2266 1515 2325 et

395 2369 570 2436 Beatorem
595 2369 687 2438 Petri
712 2376 746 2438 et
769 2370 868 2438 Pauli
878 2369 1116 2455 Apostolorum
1135 2371 1203 2436 eius
1225 2392 1261 2438 se
1276 2371 1405 2436 nouerit
1419 2370 1514 2434 incur·

397 2498 516 2546 surum.
533 2477 657 2545 Datum
674 2476 835 2546 Arinione
850 2477 930 2548 VII.
946 2478 1106 2548 kalendas
1121 2476 1147 2544 J
1148 2479 1216 2562 ulii,
1240 2477 1454 2546 Pontificatus
1468 2497 1515 2542 no·

396 2584 458 2651 stri
474 2603 559 2652 auno
575 2585 682 2651 tertio.

503 2749 540 2809 (A
563 2748 812 2811 »Diplomstorium
835 2749 1023 2800 Sibinicsuses
1047 2749 1138 2802 ozimi’s
1159 2745 1515 2815 okmsny·gythsmenyool

399 2824 439 2871 59.
454 2833 492 2872 sa.
502 2834 519 2870 s
531 2819 606 2872 bscsi
619 2834 656 2871 cs.
669 2821 735 2872 πᾶν.
748 2819 964 2886 honyvttrbsn.)

926 3237 1000 3298 278.

481 3401 630 3466 Sebeuico
645 3405 742 3466 vetros
758 3399 886 3483 kdsrdpc
902 3397 1019 3462 kduetet
1035 3395 1118 3461 autu
1137 3393 1331 3462 Velcuczdbe.
1349 3395 1442 3463 1321.

506 3560 546 3627 In
573 3557 698 3626 Christi
723 3562 852 3624 nomine
872 3553 988 3622 Amen.
1009 3554 1109 3622 Anno
1126 3555 1372 3622 Incarnationis
1389 3553 1518 3623 eiusdem

400 3667 571 3735 millesimo
582 3664 678 3734 CCC.
690 3666 850 3750 vigesimo.
863 3665 977 3749 primo,
988 3663 1165 3731 indictione
1180 3665 1306 3749 quinta,
1322 3663 1376 3731 die
1393 3661 1518 3731 secundo

399 3775 584 3862 Februarii,
608 3776 766 3862 regnante
786 3773 916 3841 domino
932 3770 1062 3839 Karulo
1080 3769 1294 3838 Serenissimo
1311 3771 1406 3858 Rege
1420 3769 1519 3854 Vngu-

400 3886 459 3964 rie,
483 3889 629 3968 tempore
655 3881 779 3947 domini
804 3877 982 3963 Grisogoni
1008 3879 1048 3945 de
1072 3877 1243 3963 Faffognis
1269 3879 1310 3945 de
1336 3879 1361 3948 J
1364 3879 1451 3962 adra,
1464 3875 1519 3943 Dei

404 3992 515 4077 gratia
535 3990 732 4058 venerabilis
742 3987 960 4056 Sibenicensis
975 3987 1141 4072 Episcopi,
1159 4008 1218 4054 nec
1233 4009 1299 4053 non
1315 3985 1436 4054 domini
1450 3982 1519 4050 Gre-

406 4101 499 4186 gorii,
525 4097 585 4164 filii
616 4097 693 4164 olim
705 4097 825 4163 domini
841 4094 940 4162 Pauli
955 4095 1041 4162 Beni
1059 4092 1268 4178 Croatorum,
1284 4095 1391 4164 incliti
1402 4092 1520 4163 Comitis

403 4214 500 4292 atque
525 4206 680 4273 nobilium
704 4205 849 4272 virorum
874 4203 1062 4284 Consulum,
1087 4203 1264 4271 electorum
1279 4209 1313 4270 et
1329 4203 1516 4272 confirmato

403 4338 475 4383 rum
499 4337 558 4400 per
583 4313 764 4381 Consilium
794 4319 828 4380 et
859 4311 1039 4381 Commune
1070 4335 1127 4380 seu
1158 4314 1343 4380 uniuersum
1368 4310 1508 4399 populum

408 4421 576 4503 Sibinichi,
592 4421 698 4489 silicet
713 4422 915 4489 dominorum
931 4420 1086 4506 Bogdani
1102 4420 1239 4489 condam
1255 4419 1397 4506 Dessini,
1410 4416 1519 4488 Rudos·

405 4528 470 4596 lavi
499 4529 637 4596 condam
663 4529 807 4612 Michite,
833 4529 1007 4597 Francisci
1034 4529 1173 4597 condam
1197 4529 1331 4615 Marini,
1355 4537 1387 4596 et
1412 4520 1515 4595 Marini
