3222 5240
416 364 477 426 298
764 379 996 424 neenouuczuu
1013 365 1180 423 nurihunu.

412 544 616 620 pensator-em
643 546 674 602 et
700 559 794 602 unum
815 539 977 602 notarium
993 559 1063 600 oum
1081 558 1142 601 vno
1159 536 1292 615 famulo,
1318 540 1375 620 qui
1390 537 1517 602 habeant

411 645 495 708 inter
511 665 544 708 se
561 646 642 709 duas
653 666 789 723 saumae,
807 644 970 714 ahinadani
981 665 1091 708 omues
1102 643 1144 708 ad
1156 665 1314 726 expensas
1325 644 1516 721 Communia

411 757 442 815 et
458 750 598 816 habeant
616 753 695 816 dicti
712 753 942 816 ambaxatores
960 752 999 815 de
1018 751 1138 815 salario
1155 750 1260 816 libras
1278 749 1335 815 OC
1353 774 1409 836 pro
1425 751 1519 832 quoli-
1595 827 1597 834 Α

411 855 514 920 hetin
530 856 635 920 trihus
652 857 823 935 iriensibuS‚
840 863 872 920 et
888 858 915 919 si
927 862 1054 920 starent
1065 856 1150 920 vltra
1160 860 1228 920 tres
1238 877 1373 938 meuses,
1388 857 1517 924 habeant
1595 869 1597 946 j

414 963 455 1027 ab
473 961 548 1026 inde
564 962 598 1026 in
613 970 710 1028 antea
725 965 828 1030 libras
846 965 874 1030 L
891 964 924 1027 in
941 983 1049 1027 mense
1066 983 1124 1045 pro
1141 962 1294 1045 quolibet.
1596 953 1597 962 ¹

516 1141 551 1204 (A
566 1143 675 1192 »Mirati«
690 1143 780 1193 ozimii
794 1143 934 1192 velenczei
949 1141 1178 1208 allamhbnyvbdl
1191 1143 1250 1196 XV.
1261 1144 1319 1196 keu.
1331 1144 1445 1205 47.1ev.)

889 1357 1047 1369 ffl—

933 1601 1004 1661 310.

410 1758 524 1821 Robore
541 1758 670 1823 aiciiiui
680 1759 860 1844 kirdlynuh
873 1757 1079 1821 iutizladc'aei
1094 1781 1115 1820 α
1126 1759 1243 1854 Hubert
1254 1756 1380 1844 Keiroly
1392 1778 1520 1843 oruqyur

409 1865 517 1949 icireily
533 1865 694 1932 Siciliain
722 1871 896 1932 utuzdeeiru
923 1866 1086 1950 saiikue'pea
1111 1868 1232 1952 tenperi
1248 1865 1349 1950 bajola
1365 1865 1521 1928 beozerze'ee

817 1973 1009 2060 tu'rppu'hun.
1028 1976 1124 2040 1332.

517 2155 681 2221 Robertus
698 2161 757 2218 ete.
773 2155 944 2237 Magistris
955 2152 1145 2216 Portulanis
1156 2149 1277 2235 Apulia
1292 2151 1443 2217 fidelibus
1459 2171 1521 2215 nns-

409 2261 469 2326 tris
495 2263 636 2343 gratiam
661 2269 720 2326 ete.
758 2262 871 2327 Pridie
897 2283 953 2346 per
978 2261 1110 2324 lieteras
1127 2264 1257 2324 nostras
1273 2260 1365 2324 vohis
1383 2260 1460 2324 satis
1477 2279 1522 2322 ex-

407 2390 517 2449 presse
534 2369 768 2451 mandauirnuS,
783 2376 818 2433 vt
833 2371 866 2434 in
883 2369 1029 2453 partibus
1039 2366 1161 2452 Apulia
1172 2367 1384 2432 arrestaretis
1394 2365 1522 2430 vassella

409 2473 536 2539 deterre
551 2476 693 2540 valentia
710 2499 808 2559 equos
825 2477 990 2556 ducentos,
1016 2496 1097 2557 quos
1112 2474 1198 2538 filius
1215 2474 1326 2539 inoliti
1344 2475 1445 2556 Regis
1461 2471 1522 2539 Vn·

409 2582 501 2662 garie
517 2583 642 2666 nepotis
659 2586 764 2648 nostri
781 2585 939 2650 carissimi
951 2582 990 2646 de
1002 2584 1185 2666 propinquo
1195 2583 1228 2644 in
1238 2580 1390 2663 Regnum
1402 2579 1523 2646 veniens

408 2688 618 2770 permictente
629 2689 770 2754 Domino
788 2698 837 2756 est
854 2691 1018 2768 (luctum,
1035 2687 1197 2754 mietenda
1209 2689 1251 2753 ad
1266 2694 1378 2771 partes
1396 2687 1522 2754 Solano-

407 2795 460 2857 nie
476 2817 536 2877 pro
553 2799 716 2862 euectione
733 2798 894 2862 dictorum
910 2819 1076 2880 equorum,
1092 2802 1189 2880 prout
1198 2796 1284 2860 dicte
1295 2797 1410 2860 lietere
1420 2800 1522 2858 nostre

409 2901 500 2965 vobis
527 2925 622 2986 super
648 2905 709 2969 hoc
725 2906 820 2970 misse
838 2907 896 2970 heo
913 2912 945 2968 et
962 2905 1028 2970 alia
1044 2903 1165 2968 clarius
1181 2902 1401 2968 manifestant.
1434 2900 1522 2965 Nune

407 3030 482 3074 vero
498 3010 671 3092 intellecto,
688 3013 775 3094 quod
793 3015 826 3076 iu
840 3011 984 3076 Ciuitate
995 3009 1172 3093 Brundusij
1191 3015 1239 3073 est
1256 3011 1397 3074 usserius
1414 3007 1523 3074 nobilis

406 3117 509 3181 Ducis
536 3117 740 3183 Athenarum
767 3119 875 3183 oifinis
901 3120 1004 3184 nostri
1029 3119 1158 3197 dilecti;
1193 3117 1338 3181 volumus
1371 3116 1522 3197 vobisque

407 3226 610 3307 precipimua
637 3227 722 3307 quod
747 3228 798 3292 vbi
824 3227 964 3290 usserius
990 3227 1058 3308 ipse
1075 3230 1164 3289 attus
1182 3226 1226 3288 sit
1243 3224 1284 3288 ad
1300 3225 1524 3307 nauigandum,

405 3351 464 3393 neo
481 3337 574 3412 egeat
590 3333 806 3414 reparatione,
824 3355 885 3415 que
907 3334 1016 3396 atatim
1033 3332 1102 3396 fieri
1120 3353 1183 3396 non
1200 3335 1313 3414 possit,
1330 3335 1468 3397 eundern
1483 3353 1525 3396 us-

406 3437 523 3500 serium
551 3441 669 3523 arnrarj
690 3440 818 3504 faciatis
836 3441 874 3504 de
891 3440 1084 3522 nrarcnarijs
1101 3459 1157 3504 seu
1172 3441 1319 3524 remerijs
1338 3439 1425 3505 dicte
1442 3438 1525 3505 Ciui-

406 3545 485 3606 tatis
502 3544 551 3608 vel
569 3547 699 3612 aliunde
716 3549 757 3612 od
775 3548 856 3611 duas
871 3547 960 3625 tiron,
977 3553 1087 3610 tamen
1104 3569 1175 3611 curn
1193 3549 1309 3613 notitia
1321 3549 1525 3614 etconscien-

403 3651 451 3714 tia
476 3648 646 3736 Ademarij
672 3655 813 3720 Romani
840 3656 878 3719 de
906 3654 1022 3719 Scalea
1047 3655 1171 3734 militis,
1197 3655 1274 3718 dieti
1293 3654 1400 3739 Regni
1427 3651 1524 3722 nostri

405 3755 516 3823 Sicilie
532 3756 754 3842 Vieeamirati,
778 3759 963 3844 Consiliarij
990 3766 1021 3823 et
1038 3760 1209 3824 familiaris
1226 3762 1330 3824 nostri
1349 3761 1472 3844 dilecti,
1495 3763 1523 3826 iu

405 3865 526 3929 eisdem
541 3863 664 3949 Apulie
679 3868 830 3950 partibus
846 3890 931 3932 nunc
946 3870 1122 3951 presentis;
1140 3868 1198 3949 qui
1213 3869 1354 3933 usserius
1371 3890 1447 3934 cum
1457 3871 1525 3955 alijs

404 3975 538 4039 vassalis
555 3997 685 4058 pervus
702 3978 870 4042 arrestatio
888 4001 943 4042 aeu
960 3979 1160 4043 a1·1·estandis
1178 3977 1352 4062 capacibus
1369 4001 1470 4061 esque
1486 3979 1525 4044 ad

406 4103 563 4148 summam
581 4084 743 4149 dictorum
760 4106 915 4168 equorum
928 4087 1148 4168 ducentorum,
1166 4087 1362 4169 computatis
1375 4085 1440 4170 hijs
1452 4107 1524 4167 quo-

402 4211 474 4252 rum
492 4191 655 4273 predictus
673 4195 815 4258 usserius
833 4215 935 4276 capax
952 4195 1023 4272 erit,
1052 4193 1094 4257 ad
1112 4194 1215 4257 dictas
1232 4197 1343 4276 partes
1354 4192 1523 4259 Sclauooie

406 4299 677 4365 patermuthius
695 4302 806 4383 usserij
823 4301 1013 4383 niarenarijs
1026 4322 1081 4365 seu
1092 4301 1248 4383 reme1·ijS‚
1267 4301 1354 4364 inter
1366 4321 1447 4382 quos
1458 4312 1525 4364 sunt

405 4403 558 4487 nauclerij
577 4413 606 4469 et
625 4407 735 4471 comiti
753 4408 841 4471 iuxta
860 4407 1078 4490 prouisionem
1089 4408 1302 4476 Viceamiroti
1320 4408 1469 4490 predicti,
1485 4408 1526 4471 ad

410 4509 553 4573 rationes
581 4514 693 4578 solitas
719 4515 817 4596 gagia
843 4521 874 4578 et
901 4515 964 4580 alia
993 4523 1155 4598 consueta,
1180 4536 1238 4579 nec
1254 4535 1317 4578 non
1337 4523 1366 4577 et
1385 4516 1528 4597 patronis
