3170 5234
553 259 647 370 racc.
849 350 853 361 s
1098 304 1161 370 mo

1 477 2 504 ³
54 483 141 546 totius
157 481 328 549 Sclauouie
353 485 387 545 et
404 480 621 566 Stennizuale,
647 481 891 546 inclinationem
915 505 987 546 cum
1012 485 1099 548 omni
1115 505 1163 548 re-

56 592 186 657 uerentia
200 599 233 655 et
256 592 389 655 honore.
423 587 465 654 In
483 588 671 652 memoriam
686 587 807 656 Vestre
825 589 1067 655 Domiuationis
1083 593 1162 656 ami-

1 881 3 956 l

55 697 119 760 eitia
141 699 219 763 velit
243 697 407 775 reducere,
433 695 521 776 quod
537 695 715 776 aliquando
730 718 750 760 a
766 697 860 762 nobis
875 697 1103 779 postulabatis,
1129 703 1163 763 vt

54 811 234 870 mercatores
258 805 359 870 vestri
383 803 423 867 de
439 802 580 872 Venetia
605 825 663 886 per
688 811 794 868 terras
819 811 949 869 nostras
965 811 997 868 et
1013 810 1159 869 nostram

53 913 216 992 potentiam
231 912 337 976 libere
353 909 479 994 possint
488 932 560 974 cum
571 911 637 975 suis
648 912 864 976 mercimoniis
875 911 1051 977 ambulare.
1067 910 1164 979 Vnde

53 1020 204 1098 uoueritis,
230 1018 320 1102 quod
344 1020 371 1083 si
397 1018 527 1083 eosdem
552 1019 594 1083 ad
611 1025 739 1084 nostras
756 1025 867 1102 partes
884 1021 991 1084 venire
1008 1041 1079 1085 cum
1096 1021 1164 1102 suis

53 1126 137 1190 rebus
151 1125 376 1207 permiseritis,
390 1124 491 1189 ullum
505 1124 670 1191 habebmrt
685 1125 832 1192 timorem
843 1129 876 1190 in
887 1127 948 1192 bac
957 1133 1067 1209 parte3
1085 1129 1164 1208 quin

52 1236 109 1297 imo
132 1231 172 1298 ab
196 1231 346 1298 omnibus
371 1232 545 1298 molestare
561 1232 745 1298 uolentibus
762 1235 892 1300 eosdem
908 1241 1116 1317 protegemus
1132 1241 1164 1298 et

53 1340 257 1406 defendemus.
284 1341 331 1405 m
347 1341 375 1406 si
392 1340 455 1406 huc
470 1342 580 1405 venire
595 1341 765 1424 voluerint,
792 1363 849 1406 nos
865 1363 991 1407 omnem
1009 1342 1164 1406 securita-

53 1454 111 1512 tem
126 1447 234 1514 damus
250 1456 349 1533 prout
364 1455 520 1514 tenemur.

150 1631 184 1693 (A
198 1629 303 1694 »Copia
312 1629 345 1678 de
356 1629 585 1678 Commemorali«
598 1631 688 1680 czimi‘r
699 1631 838 1681 velenczei
849 1629 1064 1692 allamkbnyvek
1074 1629 1095 1678 l.
1107 1629 1164 1678 kor.

54 1720 106 1764 154.
120 1717 186 1782 lev.;
206 1734 222 1766 a
234 1718 310 1767 btosi
324 1733 359 1768 cs.
373 1718 461 1770 titlres
475 1719 669 1783 leveltdrbau.)
775 1745 777 1750 v

54 2218 178 2287 Miles-in
187 2224 298 2288 Ietvdn
308 2223 375 2287 ΙΙΙ.
389 2223 472 2288 Uror
488 2224 575 2286 ezerb
590 2221 702 2308 kirrily
717 2221 872 2287 tricenae.
888 2223 968 2288 kald
983 2222 1012 2287 V
1012 2219 1164 2286 elenczdbe

499 2333 587 2394 1300
603 2327 707 2394 lr'o'rr'r’l.

145 2505 267 2572 Forma
283 2507 469 2573 ambassate
485 2507 674 2572 transmisse
690 2507 820 2572 domino
841 2506 926 2572 Duci
945 2505 1164 2576 Veneciarum

52 2632 102 2693 per
117 2612 374 2680 serenissimum
390 2615 557 2680 dominum
573 2615 696 2698 Regem
713 2614 828 2681 Seruis.

145 2721 286 2805 Propter
317 2743 468 2806 magnum
494 2722 655 2801 affectum,
681 2743 776 2804 quem
794 2723 941 2789 dominus
957 2724 1031 2788 Rex
1049 2721 1164 2789 Seruie

53 2829 139 2908 gessit
153 2836 185 2893 et
200 2831 286 2912 gerit
301 2829 343 2894 ad
360 2828 541 2894 dominium
556 2837 589 2894 et
605 2827 785 2895 Ciuitatem
801 2831 1022 2912 Venetiarum,
1038 2851 1165 2913 semper

53 2933 204 3003 affeotauit
228 2938 316 3002 uniri
342 2938 472 3004 eisdem.
512 2936 576 3003 Sed
605 2940 684 3019 quia
708 2939 769 3004 hoe
787 2960 850 3005 non
875 2939 983 3021 potuit
998 2937 1165 3019 hucusque

52 3046 226 3128 mancipare
243 3043 382 3128 effectui,
408 3047 576 3111 commode
593 3046 770 3112 obstaculis
787 3046 978 3128 interiectis,
994 3046 1166 3129 proposuit

52 3149 190 3237 deinceps
206 3154 337 3218 domiuo
348 3151 444 3235 Duci,
460 3153 545 3218 uniri
563 3159 596 3218 et
609 3150 844 3218 Communitati
858 3153 984 3236 prefate
994 3151 1166 3217 indissolu-

52 3258 158 3328 bilibus
182 3263 329 3327 amicicie
353 3261 498 3344 vinculis‚
523 3267 554 3328 et
581 3262 661 3326 ciuis
677 3263 822 3345 ipsorum
838 3262 921 3327 ellici
938 3283 1028 3328 neore
1043 3268 1076 3326 et
1092 3281 1166 3326 con·

52 3372 210 3436 suetudine
227 3369 384 3436 Ciuitatis
409 3371 564 3454 predicte,
589 3373 616 3436 si
641 3373 785 3455 ipsorum
811 3373 905 3437 adest
928 3371 1166 3454 beneplacitum

1 3505 2 3509 ¹
51 3474 80 3537 in
95 3474 150 3543 hac
173 3485 277 3561 parte.
311 3477 397 3544 Saus
417 3501 489 3544 cum
505 3480 612 3544 dietus
629 3479 778 3544 dominus
795 3480 867 3544 Rex
882 3481 1000 3544 multos
1016 3479 1167 3543 inimicos

51 3581 167 3666 babeat,
182 3585 336 3652 videlicet
350 3584 511 3651 Dominos
526 3586 561 3650 in
577 3587 715 3651 circuitu
731 3587 839 3668 Regni
857 3587 906 3650 sui
922 3592 1169 3666 commorantes,

1 3735 3 3790 ι
55 3709 179 3770 quorum
204 3693 377 3775 occupauit
393 3693 552 3776 ciuitates,
576 3699 694 3774 castra,
719 3693 900 3759 fortalicias
915 3701 948 3760 et
973 3697 1170 3774 contractas,

1 3793 2 3857 3
54 3799 122 3876 quia
136 3801 168 3864 in
184 3805 274 3864 statu
289 3798 437 3882 pacificio
452 3821 559 3866 secum
576 3801 683 3866 viuere
699 3801 892 3882 noluerunt,
919 3802 945 3864 si
962 3821 1040 3865 casu
1056 3798 1169 3881 aliquo

53 3907 285 3972 autinlortunio
296 3908 549 3991 superueniente
561 3914 727 3991 oporteret
737 3909 842 3992 ipsum
852 3907 972 3974 babere
982 3905 1169 3988 coniugium

1 4030 2 4100 l
53 4010 89 4074 sd
110 4011 296 4079 Dominium
320 4022 354 4078 et
378 4011 558 4080 Ciuitatem
585 4015 806 4096 Venetiarum,
838 4015 925 4102 quod
950 4033 1099 4078 securum
1125 4011 1169 4075 ad

1 4102 2 4122 ¹
54 4119 171 4185 eosdem
186 4122 347 4186 incessum
367 4119 520 4203 babeant,
545 4128 578 4186 et
594 4123 773 4203 introitum,
798 4129 832 4186 et
847 4121 1007 4186 Ciuitates
1023 4122 1167 4203 ipsorum

1 4297 3 4306 ‚
53 4221 186 4292 fidelium
201 4249 273 4292 cum
284 4229 351 4292 suls
361 4227 483 4310 liberis,
498 4236 531 4293 et
541 4228 706 4310 thesauro,
716 4236 748 4294 et
759 4229 937 4294 domestica
948 4226 1166 4310 suppellectili

54 4332 190 4402 miucrsa
205 4335 327 4402 ibidem
343 4357 467 4402 moram
482 4336 649 4401 trabentes
666 4335 708 4400 ad
718 4336 854 4418 libitum,
870 4342 903 4402 et
913 4357 985 4401 cum
995 4334 1168 4418 expediens

1 4426 9 4555 ν’
55 4438 190 4524 viderint,
206 4444 328 4508 exitum
346 4443 516 4508 obtineant
532 4442 709 4508 liberalem.
