3222 5240
547 413 640 478 1333..
1091 407 1154 468 315

2 617 3 620 ¹
37 587 174 653 antesin
190 585 362 651 aduersum
381 587 439 651 sub
460 607 653 670 quacunque
670 585 841 652 formavel
859 587 1067 670 expressione
1084 605 1155 650 uer·

35 697 142 761 borum
172 715 238 760 non
264 693 469 760 obstantibus
495 695 733 779 quoquomodo.
758 691 806 762 Vt
832 693 919 779 quod
942 714 1001 778 per
1025 711 1085 758 nos
1114 691 1157 756 ud

35 824 160 887 presens
179 802 408 887 prenominato
425 801 546 869 Ocmici
562 805 651 869 circa
666 801 729 867 hoc
744 802 889 868 eiusdem
904 803 1034 885 nepotis
1050 802 1156 866 nostri

37 911 289 977 consideratione
315 910 513 994 conceditur,
537 929 595 995 per
635 931 694 976 vos
718 911 842 993 absque
869 908 1076 989 difficultate,
1102 930 1157 974 an-

37 1023 135 1084 stactu
160 1023 194 1084 et
208 1017 478 1084 contradictionis
503 1016 595 1084 obice
610 1017 745 1083 realiter
762 1023 796 1083 et
812 1015 989 1083 efficaciter
1004 1016 1156 1084 obserua-

35 1131 91 1208 tur,
113 1125 319 1210 presentibus
342 1131 418 1208 post
442 1130 637 1209 oportunam
662 1124 897 1208 inspectionem
924 1143 1033 1190 aarum
1050 1143 1154 1189 rema·

2 1305 3 1309 Ἰ
35 1233 176 1299 uentibus
195 1233 398 1318 presentanti
414 1232 502 1316 apud
519 1252 592 1298 eum
608 1249 669 1318 pro
685 1230 814 1298 cautela
831 1229 1009 1310 seruandis,
1025 1251 1064 1294 ac
1079 1226 1106 1292 si
1123 1233 1157 1296 et

35 1347 125 1424 prout
143 1363 226 1427 opus
242 1341 342 1410 fucrit
366 1341 408 1407 ad
428 1361 621 1423 insomnes,
646 1345 813 1426 presentes
831 1336 956 1404 scilicet
971 1343 1004 1404 at
1019 1335 1156 1417 futuros,

34 1450 159 1516 inantea
184 1451 329 1532 vigorem
355 1454 388 1515 et
403 1447 582 1516 efficaciam
599 1448 771 1516 habituris.
796 1447 922 1516 Datum
939 1444 973 1512 N
975 1444 1084 1530 eapolj
1101 1464 1160 1528 per

34 1557 211 1623 dohannem
253 1556 396 1622 Grillum
436 1557 477 1622 de
519 1555 656 1623 Salerno
691 1562 752 1622 etc.
793 1575 879 1621 anno
926 1550 1060 1618 Domini
1100 1549 1156 1616 Μ0

2 1721 3 1724 ,
37 1660 334 1731 000chme
344 1664 397 1729 die
407 1661 522 1732 ΧΠΙο
532 1661 686 1732 Octobris
696 1663 742 1730 ΙΙ.
757 1663 952 1741 indictionis,
967 1659 1156 1744 Regnorum

35 1779 214 1840 nostrorum
231 1791 317 1838 anno
332 1767 439 1841 XXV
449 1784 466 1836 ⁰.

133 1953 169 2014 (Δ
193 1953 333 2018 »Regictri
353 1953 504 2018 Angioinic
529 1957 589 2004 289.
611 1968 648 2004 cz.
671 1954 737 2017 Reg.
759 1952 923 2005 BobertiR.
936 1949 1078 2002 kbtettbol
1092 1952 1153 2000 217.

2 2031 3 2072 1
33 2042 96 2106 lau,
115 2057 148 2093 ac
160 2043 236 2094 olasz
250 2043 303 2095 kir.
317 2041 429 2096 orande
441 2041 631 2098 Archivibban
644 2041 832 2112 Napolyban.)

508 2277 666 2290 ——w—n-

561 2514 634 2577 323.

2 2709 3 2724 r
32 2650 171 2742 &benico
195 2678 291 2739 vetros
306 2674 477 2759 ke'poc'sctb't
497 2674 579 2739 tcto
595 2674 645 2753 lcc’,
670 2697 691 2738 a
707 2674 793 2738 lc'dztc
809 2676 842 2738 c's
859 2673 953 2738 Trou
970 2677 1067 2738 odron
1081 2674 1153 2740 ton

2 2769 5 2785 '¹
60 2807 80 2846 a
94 2783 243 2849 ueteaczcc'
258 2782 468 2868 kdztcirsaactq
484 2782 717 2867 kb’zbenjdrctso
734 2780 849 2846 metlett
865 2781 1122 2868 azabdtyoaondd

379 2891 518 2956 hatdrok
534 2892 684 2978 c'tpytben.
703 2893 798 2954 1333.

134 3069 175 3134 Iu
200 3065 326 3134 Christi
350 3069 481 3134 nornine
505 3065 623 3133 Amen.
669 3065 768 3132 Anno
784 3063 981 3132 Natiuitatis
1007 3065 1151 3133 eiusdem

35 3171 335 3242 noooxxxffl.
352 3173 531 3241 indictione
546 3175 662 3258 prima,
678 3173 732 3239 die
747 3171 813 3240 IX.
823 3175 942 3242 mensis
951 3173 1152 3241 Decembris.

34 3277 202 3366 Regnante
228 3284 359 3351 domino
374 3281 507 3349 Karulo
525 3281 741 3349 Serenissimo
756 3281 848 3366 Rege
866 3282 1047 3366 Hungarie,
1071 3289 1151 3350 tarn-

35 3409 107 3472 porc
132 3390 255 3457 domini
279 3389 449 3457 Francisci
466 3388 613 3455 Danduli
630 3389 735 3454 incliti
751 3386 855 3455 Ducis
871 3387 1094 3474 Venetiamm,
1119 3397 1153 3456 et

33 3495 147 3563 domini
163 3495 342 3581 Grisogoni
359 3498 400 3564 de
415 3496 580 3563 Fanfonia
600 3496 640 3562 de
656 3494 681 3562 J
683 3496 767 3563 adra
781 3496 979 3564 uenerabilis
994 3497 1151 3585 Episcopi

32 3600 251 3687 Sibenicensis,
279 3627 317 3673 ac
332 3605 453 3673 nobilis
469 3615 502 3672 et
518 3605 674 3689 sapientis
689 3605 751 3671 viri
767 3605 888 3700 domini
904 3605 1012 3672 Marci
1029 3606 1152 3675 Ourna·

31 3711 67 3775 rii
91 3711 291 3780 honorabitis
308 3713 444 3782 Comitis
470 3713 625 3780 Oiuitatis
646 3711 799 3795 Sibcnici,
823 3721 921 3797 atque
947 3713 1151 3785 dominorum

33 3814 180 3886 Judicum
204 3822 328 3889 Marini
344 3821 461 3906 Bertii,
486 3823 512 3890 J
513 3821 650 3888 ohannis
666 3819 788 3888 Rudini
815 3827 848 3886 et
864 3819 997 3886 Nicolai
1011 3818 1150 3905 Mathai,

33 3930 227 4008 presentibus
251 3929 328 3996 Elia
343 3929 454 3998 Miche
481 3931 520 3996 de
536 3931 651 3998 Musto
677 3927 718 3992 de
733 3927 842 3995 Jadra
857 3925 1042 3992 habitatore
1058 3925 1150 3995 Sibe·

2 4072 3 4078 1
32 4034 98 4118 nisi,
122 4036 224 4106 Petro
240 4035 425 4104 Alexandri
452 4039 492 4103 de
507 4037 654 4106 Pistorio
671 4032 879 4102 cancellario
896 4031 1085 4099 Communis
1102 4034 1151 4102 si-

33 4140 136 4227 benioi,
152 4144 308 4230 inriano
318 4145 461 4232 Dongoy
472 4145 580 4230 Nigoy
593 4146 634 4211 dc
646 4143 799 4211 Sibenico
812 4149 845 4220 et
855 4141 939 4225 aliis,
950 4142 982 4209 in
993 4139 1150 4210 Generali

32 4251 226 4322 etVniuerso
237 4252 381 4322 Consilio
393 4252 553 4320 Oiuitntis
571 4252 726 4331 Siberini,
741 4257 776 4317 rt
792 4250 893 4317 moris
911 4255 970 4333 est,
986 4270 1062 4316 voce
1079 4272 1152 4334 pre-

33 4361 117 4427 conia
140 4361 353 4446 proclamato,
380 4366 413 4428 et
438 4360 490 4425 die
515 4359 665 4444 predicta
682 4359 725 4425 ad
741 4380 855 4427 sonum
871 4379 1101 4444 campanarum
1116 4360 1150 4444 in

33 4468 144 4548 palatio
154 4467 411 4537 Oommunitatis
422 4467 509 4536 dicte
520 4466 676 4535 Ciuitatis
687 4467 874 4534 solemniter
885 4455 1099 4550 congregat03
1115 4467 1149 4532 in

2 4579 4 4586 '
32 4591 87 4663 qno
102 4573 248 4644 Consilio
269 4578 465 4668 computatis
476 4574 766 4645 omnibusfuerunt
783 4573 972 4641 Consiliarii
988 4573 1149 4644 LXXIV
