3222 5240
779 335 1013 380 ninnousczmi
1031 321 1201 378 naitanus.

950 645 1022 704 192.

430 800 560 864 Brebiri
586 802 719 889 Gybrpy
743 803 826 890 pro'f
850 801 1078 866 rrebdzato'nak
1103 803 1178 878 eald
1210 795 1363 866 kelnie'ket
1378 803 1461 866 bozot
1478 802 1532 865 Na
1597 885 1598 888 Ἴ

867 910 1114 995 mmm

537 1065 670 1150 (Comes
689 1067 853 1150 Georgius
871 1070 911 1134 de
928 1067 1106 1134 Solauonia
1131 1068 1230 1134 habet
1255 1069 1364 1134 varios
1380 1088 1493 1152 pannos
1507 1073 1532 1131 et

430 1175 597 1260 pecunias)
613 1199 673 1260 pro
690 1176 848 1242 faciendis
879 1177 949 1241 fieri
966 1176 1056 1242 robis
1088 1177 1131 1242 ad
1155 1197 1235 1260 opus
1263 1196 1363 1240 suum
1389 1173 1462 1242 XV.
1484 1173 1533 1239 Fe·

428 1281 551 1368 bruarij
569 1283 672 1350 XIII.
689 1283 884 1350 indictionis.

536 1443 1037 1512 (A›ueg.nngioini‹225.sz.1tsg.
1064 1446 1160 1497 Karoli
1187 1446 1305 1496 Illustris
1329 1444 1465 1496 kdtetebdl
1486 1448 1533 1494 159.
1597 1511 1598 1514 Ἴ

427 1548 469 1584 ev.
486 1551 492 1599 ;
512 1550 531 1584 u
554 1535 592 1600 ο.)

910 1717 1070 1728 --··-—-——u

951 1974 1024 2033 293.

427 2085 1598 2217 mmmmmmmmmmfflmwss

679 2237 794 2303 lenezei
809 2239 1001 2302 keresbedb'lr
1018 2244 1178 2303 aetimare.
1198 2241 1291 2304 1320.

533 2414 730 2498 Exemplum
744 2415 962 2497 quarumdam
978 2415 1164 2481 litterarum
1179 2415 1303 2480 domini
1321 2415 1422 2500 Regis
1436 2413 1533 2494 Raxie,

429 2521 516 2604 quod
533 2522 637 2586 nostri
652 2520 779 2605 possint
794 2543 854 2604 per
870 2542 945 2586 suas
961 2521 1199 2588 terrashabere
1210 2521 1387 2586 transitum
1402 2539 1532 2585 securum
1596 2573 1598 2610 p

426 2629 468 2693 ad
485 2628 664 2710 Salonichi,
680 2635 790 2712 partes
807 2629 970 2694 Romania
986 2636 1019 2692 ot
1036 2631 1069 2693 in
1089 2627 1205 2694 Raxia.

533 2752 658 2818 Illustri
676 2762 708 2817 et
733 2752 911 2836 Magnifica
938 2753 1005 2819 viro
1032 2753 1162 2818 domino
1186 2753 1366 2819 Francisoo
1391 2752 1528 2819 Dandulo

423 2863 486 2928 Dei
503 2863 612 2946 gratia
627 2861 715 2926 Duci
731 2859 952 2944 Venetiarum,
969 2863 1116 2944 proximo
1134 2882 1192 2926 suo
1212 2860 1397 2940 karissimo,
1413 2859 1530 2925 Urusios
1597 2877 1598 2902 i

424 2968 537 3034 eadem
555 2970 663 3053 gratia
680 2967 793 3034 Servio
809 2969 891 3051 Rex,
908 2968 1045 3035 salutem
1071 2976 1104 3034 et
1118 2971 1286 3052 prosperis
1302 2968 1492 3035 successibus
1505 2967 1531 3029 in
1597 2985 1598 2996 ¹

427 3077 570 3142 Domino
588 3076 786 3142 habundare.
802 3073 953 3140 Affectus
978 3096 1073 3159 quem
1099 3075 1140 3140 ad
1157 3082 1298 3140 vestram
1314 3077 1531 3160 proximitatem
1597 3095 1598 3098 ¹

426 3192 457 3249 et
474 3185 620 3251 Oomunc
636 3184 851 3280 Venetiarum
868 3185 1018 3266 gerimus,
1042 3205 1101 3248 nos
1118 3182 1250 3262 inducit
1266 3190 1299 3248 rt
1317 3184 1360 3248 ad
1375 3192 1476 3250 vestra
1489 3181 1531 3246 be·
1565 3243 1569 3248 .

428 3294 594 3375 neplacita
611 3299 641 3356 et
660 3291 828 3357 commoda
845 3300 974 3356 nostros
990 3292 1126 3356 intuitus
1143 3291 1330 3374 dirigamus
1355 3291 1434 3357 Cum
1449 3291 1530 3373 igitur

425 3401 509 3465 alias
545 3399 637 3463 vobis
665 3399 867 3464 meminimus
893 3399 1133 3482 conscripsisse,
1152 3399 1180 3463 si
1196 3398 1239 3463 ad
1255 3404 1398 3464 restrum
1413 3414 1530 3463 comno-

426 3510 503 3574 dum
520 3507 660 3574 deberet
677 3506 802 3588 cedere,
817 3508 844 3571 si
862 3508 903 3570 ad
920 3513 1033 3589 partes
1049 3505 1210 3570 Romanis
1226 3506 1347 3571 vellent
1358 3513 1529 3571 mercatores

420 3616 518 3682 vestri
535 3637 670 3698 pergere
695 3613 745 3679 vel
769 3613 843 3697 alic,
869 3620 902 3678 et
926 3613 1072 3696 placeret
1096 3613 1142 3676 eis
1167 3618 1343 3677 transitum
1368 3612 1467 3678 facere
1482 3630 1527 3694 per

421 3723 573 3807 Regnum
591 3744 648 3788 seu
663 3729 772 3805 partes
797 3727 937 3803 nostras,
963 3719 1050 3803 quod
1074 3718 1174 3784 libere
1200 3721 1359 3785 transitus
1377 3716 1529 3805 potenteis

422 3829 465 3895 ad
482 3829 611 3894 libitum
626 3828 812 3894 voluntatis.
830 3827 941 3912 Quare
957 3827 1078 3892 idcirco
1103 3827 1193 3892 vobis
1221 3827 1373 3892 duximus
1398 3828 1529 3892 intiman-
1597 3867 1598 3870 κ

421 3937 508 4018 dum,
525 3936 611 4018 quod
628 3935 655 4000 si
671 3935 826 4018 predictis
852 3933 1086 4000 mercatoribus
1118 3935 1234 4000 vestris
1251 3935 1413 4018 placuerit
1428 3935 1531 4000 dictum

420 4042 527 4128 facere
543 4043 719 4110 transitum
743 4044 785 4108 ad
801 4047 911 4126 partes
927 4042 1101 4125 predictas,
1126 4048 1261 4125 excepto
1278 4041 1321 4107 ad
1336 4049 1454 4126 pal-tes
1468 4039 1531 4106 Bul-

420 4151 520 4233 garie,
554 4150 641 4231 quod
672 4150 751 4233 ipsis
780 4148 891 4214 demus
917 4152 1093 4215 transitum
1118 4149 1289 4217 liberalem
1305 4153 1339 4214 et
1356 4150 1532 4216 conductum

420 4245 584 4340 securumg
595 4257 694 4322 etiam
712 4259 739 4322 si
755 4259 789 4321 in
805 4265 917 4323 nostro
934 4258 1049 4342 Regno
1076 4257 1238 4325 voluerint
1263 4277 1323 4323 sua
1338 4255 1530 4324 mercimonia

420 4386 581 4448 exercere,
613 4367 702 4450 quod
726 4365 829 4432 libere
862 4373 1051 4448 exerceant3
1082 4389 1164 4452 quos
1196 4387 1423 4435 assecuramus
1453 4382 1531 4448 super

422 4469 528 4554 Regia
543 4479 656 4538 nostra
672 4473 744 4557 fide,
760 4479 860 4558 prout
873 4472 964 4540 vobis
979 4473 1040 4542 heo
1057 4482 1090 4540 ct
1119 4475 1185 4544 alia
1200 4473 1321 4541 nobilis
1339 4477 1389 4540 vir
1404 4472 1529 4541 Jacobus
