<?xml version="1.0" encoding="UTF-8"?>
<!DOCTYPE html PUBLIC "-//W3C//DTD XHTML 1.0 Transitional//EN"
    "http://www.w3.org/TR/xhtml1/DTD/xhtml1-transitional.dtd">
<html xmlns="http://www.w3.org/1999/xhtml" xml:lang="en" lang="en">
 <head>
  <title>
</title>
<meta http-equiv="Content-Type" content="text/html;charset=utf-8" />
  <meta name='ocr-system' content='tesseract 3.04.00' />
  <meta name='ocr-capabilities' content='ocr_page ocr_carea ocr_par ocr_line ocrx_word'/>
</head>
<body>
  <div class='ocr_page' id='page_1' title='image "./magyardiplomacz02wenzgoog_0369.png"; bbox 0 0 3222 5240; ppageno 0'>
   <div class='ocr_carea' id='block_1_1' title="bbox 612 275 1217 338">
    <p class='ocr_par' dir='ltr' id='par_1_1' title="bbox 612 275 1217 338">
     <span class='ocr_line' id='line_1_1' title="bbox 612 275 1217 338; baseline 0.002 -1"><span class='ocrx_word' id='word_1_1' title='bbox 612 275 706 338; x_wconf 77' lang='grc'>1336.</span> <span class='ocrx_word' id='word_1_2' title='bbox 1036 310 1040 330; x_wconf 66' lang='grc' dir='ltr'>ι</span> <span class='ocrx_word' id='word_1_3' title='bbox 1154 277 1217 338; x_wconf 90' lang='grc'><strong>333</strong></span> 
     </span>
    </p>
   </div>
   <div class='ocr_carea' id='block_1_2' title="bbox 8 415 947 534">
    <p class='ocr_par' dir='ltr' id='par_1_2' title="bbox 8 415 947 534">
     <span class='ocr_line' id='line_1_2' title="bbox 8 415 947 534; baseline 0.009 -26"><span class='ocrx_word' id='word_1_4' title='bbox 8 415 10 482; x_wconf 52' lang='grc' dir='ltr'>Ᾰ</span> <span class='ocrx_word' id='word_1_5' title='bbox 101 446 157 513; x_wconf 90' lang='lat' dir='ltr'><strong>Die</strong></span> <span class='ocrx_word' id='word_1_6' title='bbox 174 445 298 514; x_wconf 81' lang='grc' dir='ltr'>ΧΧΠ.</span> <span class='ocrx_word' id='word_1_7' title='bbox 314 448 456 532; x_wconf 76' lang='lat' dir='ltr'>predicti</span> <span class='ocrx_word' id='word_1_8' title='bbox 472 449 591 516; x_wconf 83' lang='lat' dir='ltr'><strong>mensis</strong></span> <span class='ocrx_word' id='word_1_9' title='bbox 606 448 632 514; x_wconf 89' lang='lat' dir='ltr'><strong>J</strong></span> <span class='ocrx_word' id='word_1_10' title='bbox 632 448 701 534; x_wconf 87' lang='lat' dir='ltr'><strong>unij</strong></span> <span class='ocrx_word' id='word_1_11' title='bbox 719 453 780 514; x_wconf 88' lang='lat' dir='ltr'><strong>etc.</strong></span> <span class='ocrx_word' id='word_1_12' title='bbox 795 454 832 514; x_wconf 89' lang='lat' dir='ltr'><strong>ut</strong></span> <span class='ocrx_word' id='word_1_13' title='bbox 847 468 947 534; x_wconf 90' lang='lat' dir='ltr'><strong>supra</strong></span> 
     </span>
    </p>
   </div>
   <div class='ocr_carea' id='block_1_3' title="bbox 102 555 1224 1077">
    <p class='ocr_par' dir='ltr' id='par_1_3' title="bbox 644 555 1212 640">
     <span class='ocr_line' id='line_1_3' title="bbox 644 555 1212 640; baseline 0.009 -23"><span class='ocrx_word' id='word_1_14' title='bbox 644 559 738 621; x_wconf 84' lang='lat' dir='ltr'><strong>uncie</strong></span> <span class='ocrx_word' id='word_1_15' title='bbox 753 555 793 620; x_wconf 95' lang='grc' dir='ltr'><strong>ΙΙ</strong></span> <span class='ocrx_word' id='word_1_16' title='bbox 808 557 916 622; x_wconf 84' lang='lat' dir='ltr'><strong>tareni</strong></span> <span class='ocrx_word' id='word_1_17' title='bbox 931 555 1040 626; x_wconf 88' lang='lat' dir='ltr'><strong>XXV</strong></span> <span class='ocrx_word' id='word_1_18' title='bbox 1054 577 1158 640; x_wconf 84' lang='lat' dir='ltr'><strong>grana</strong></span> <span class='ocrx_word' id='word_1_19' title='bbox 1174 557 1212 622; x_wconf 86' lang='lat' dir='ltr'>X</span> 
     </span>
    </p>

    <p class='ocr_par' dir='ltr' id='par_1_4' title="bbox 102 662 1224 1077">
     <span class='ocr_line' id='line_1_4' title="bbox 200 662 1221 748; baseline 0 -18"><span class='ocrx_word' id='word_1_20' title='bbox 200 664 265 731; x_wconf 92' lang='lat' dir='ltr'><strong>Die</strong></span> <span class='ocrx_word' id='word_1_21' title='bbox 291 663 359 730; x_wconf 89' lang='lat' dir='ltr'><strong>III.</strong></span> <span class='ocrx_word' id='word_1_22' title='bbox 385 664 526 748; x_wconf 79' lang='lat' dir='ltr'><strong>predicti</strong></span> <span class='ocrx_word' id='word_1_23' title='bbox 549 667 668 732; x_wconf 84' lang='lat' dir='ltr'><strong>mensis</strong></span> <span class='ocrx_word' id='word_1_24' title='bbox 692 662 839 748; x_wconf 79' lang='lat' dir='ltr'><strong>Augusti</strong></span> <span class='ocrx_word' id='word_1_25' title='bbox 863 666 898 730; x_wconf 92' lang='lat' dir='ltr'><strong>in</strong></span> <span class='ocrx_word' id='word_1_26' title='bbox 924 663 1094 732; x_wconf 82' lang='lat' dir='ltr'><strong>Ossasana</strong></span> <span class='ocrx_word' id='word_1_27' title='bbox 1118 685 1221 748; x_wconf 87' lang='lat' dir='ltr'><strong>prope</strong></span> 
     </span>
     <span class='ocr_line' id='line_1_5' title="bbox 102 768 1223 858; baseline 0.002 -22"><span class='ocrx_word' id='word_1_28' title='bbox 102 768 250 838; x_wconf 76' lang='lat' dir='ltr'><strong>Castrum</strong></span> <span class='ocrx_word' id='word_1_29' title='bbox 266 773 373 839; x_wconf 85' lang='lat' dir='ltr'><strong>Maris</strong></span> <span class='ocrx_word' id='word_1_30' title='bbox 398 775 440 840; x_wconf 86' lang='lat' dir='ltr'><strong>de</strong></span> <span class='ocrx_word' id='word_1_31' title='bbox 457 773 573 840; x_wconf 85' lang='lat' dir='ltr'><strong>Stabia</strong></span> <span class='ocrx_word' id='word_1_32' title='bbox 599 773 706 840; x_wconf 90' lang='lat' dir='ltr'><strong>solute</strong></span> <span class='ocrx_word' id='word_1_33' title='bbox 732 773 853 839; x_wconf 89' lang='lat' dir='ltr'><strong>eisdem</strong></span> <span class='ocrx_word' id='word_1_34' title='bbox 869 772 1013 858; x_wconf 85' lang='lat' dir='ltr'><strong>Vngaris</strong></span> <span class='ocrx_word' id='word_1_35' title='bbox 1038 773 1146 840; x_wconf 89' lang='lat' dir='ltr'><strong>tribus</strong></span> <span class='ocrx_word' id='word_1_36' title='bbox 1162 794 1223 857; x_wconf 92' lang='lat' dir='ltr'><strong>pro</strong></span> 
     </span>
     <span class='ocr_line' id='line_1_6' title="bbox 102 879 1224 967; baseline 0.001 -21"><span class='ocrx_word' id='word_1_37' title='bbox 102 881 202 965; x_wconf 79' lang='lat' dir='ltr'><strong>gagiis</strong></span> <span class='ocrx_word' id='word_1_38' title='bbox 219 902 332 947; x_wconf 87' lang='lat' dir='ltr'><strong>eorum</strong></span> <span class='ocrx_word' id='word_1_39' title='bbox 347 883 508 948; x_wconf 90' lang='lat' dir='ltr'><strong>mensium</strong></span> <span class='ocrx_word' id='word_1_40' title='bbox 517 882 602 950; x_wconf 89' lang='lat' dir='ltr'><strong>Julii</strong></span> <span class='ocrx_word' id='word_1_41' title='bbox 617 882 763 967; x_wconf 86' lang='lat' dir='ltr'><strong>proxime</strong></span> <span class='ocrx_word' id='word_1_42' title='bbox 778 882 926 966; x_wconf 88' lang='lat' dir='ltr'><strong>preteriti</strong></span> <span class='ocrx_word' id='word_1_43' title='bbox 941 882 1142 965; x_wconf 86' lang='lat' dir='ltr'><strong>etprosentis</strong></span> <span class='ocrx_word' id='word_1_44' title='bbox 1152 879 1224 948; x_wconf 82' lang='lat' dir='ltr'><strong>An·</strong></span> 
     </span>
     <span class='ocr_line' id='line_1_7' title="bbox 102 989 1224 1077; baseline 0.002 -21"><span class='ocrx_word' id='word_1_45' title='bbox 102 991 184 1070; x_wconf 82' lang='lat' dir='ltr'><strong>gusti</strong></span> <span class='ocrx_word' id='word_1_46' title='bbox 199 989 266 1056; x_wconf 90' lang='lat' dir='ltr'><strong>IH.</strong></span> <span class='ocrx_word' id='word_1_47' title='bbox 282 990 468 1058; x_wconf 83' lang='lat' dir='ltr'><strong>indictionis</strong></span> <span class='ocrx_word' id='word_1_48' title='bbox 493 991 536 1058; x_wconf 87' lang='lat' dir='ltr'><strong>ad</strong></span> <span class='ocrx_word' id='word_1_49' title='bbox 561 993 723 1059; x_wconf 86' lang='lat' dir='ltr'><strong>rationem</strong></span> <span class='ocrx_word' id='word_1_50' title='bbox 748 991 928 1077; x_wconf 89' lang='lat' dir='ltr'><strong>predictam</strong></span> <span class='ocrx_word' id='word_1_51' title='bbox 943 993 978 1057; x_wconf 92' lang='lat' dir='ltr'><strong>in</strong></span> <span class='ocrx_word' id='word_1_52' title='bbox 995 992 1157 1058; x_wconf 88' lang='lat' dir='ltr'><strong>carolenis</strong></span> <span class='ocrx_word' id='word_1_53' title='bbox 1174 1013 1224 1058; x_wconf 90' lang='lat' dir='ltr'><strong>ar·</strong></span> 
     </span>
    </p>
   </div>
   <div class='ocr_carea' id='block_1_4' title="bbox 8 1096 1224 1179">
    <p class='ocr_par' dir='ltr' id='par_1_5' title="bbox 8 1096 1224 1179">
     <span class='ocr_line' id='line_1_8' title="bbox 8 1096 1224 1179; baseline 0.001 -18"><span class='ocrx_word' id='word_1_54' title='bbox 8 1129 10 1160; x_wconf 90' lang='grc'>;</span> <span class='ocrx_word' id='word_1_55' title='bbox 102 1099 214 1179; x_wconf 84' lang='lat' dir='ltr'><strong>gentiis</strong></span> <span class='ocrx_word' id='word_1_56' title='bbox 246 1134 769 1151; x_wconf 72' lang='lat'>---------</span> <span class='ocrx_word' id='word_1_57' title='bbox 792 1101 887 1168; x_wconf 74' lang='lat' dir='ltr'><strong>uncie</strong></span> <span class='ocrx_word' id='word_1_58' title='bbox 902 1096 936 1168; x_wconf 87' lang='lat' dir='ltr'>V</span> <span class='ocrx_word' id='word_1_59' title='bbox 951 1105 983 1164; x_wconf 87' lang='lat' dir='ltr'><strong>et</strong></span> <span class='ocrx_word' id='word_1_60' title='bbox 997 1099 1105 1165; x_wconf 88' lang='lat' dir='ltr'><strong>tareni</strong></span> <span class='ocrx_word' id='word_1_61' title='bbox 1120 1097 1224 1166; x_wconf 84' lang='lat' dir='ltr'>XXI.</span> 
     </span>
    </p>
   </div>
   <div class='ocr_carea' id='block_1_5' title="bbox 205 1280 1224 1347">
    <p class='ocr_par' dir='ltr' id='par_1_6' title="bbox 205 1280 1224 1347">
     <span class='ocr_line' id='line_1_9' title="bbox 205 1280 1224 1347; baseline 0 -17"><span class='ocrx_word' id='word_1_62' title='bbox 205 1281 242 1342; x_wconf 82' lang='grc' dir='ltr'><strong>(Α</strong></span> <span class='ocrx_word' id='word_1_63' title='bbox 257 1281 341 1346; x_wconf 61' lang='lat' dir='ltr'><strong>»step</strong></span> <span class='ocrx_word' id='word_1_64' title='bbox 354 1283 506 1347; x_wconf 78' lang='lat' dir='ltr'><strong>Angioini«</strong></span> <span class='ocrx_word' id='word_1_65' title='bbox 529 1284 561 1342; x_wconf 75' lang='lat' dir='ltr'><strong>Q.</strong></span> <span class='ocrx_word' id='word_1_66' title='bbox 576 1286 635 1332; x_wconf 76' lang='grc'>239.</span> <span class='ocrx_word' id='word_1_67' title='bbox 649 1297 685 1332; x_wconf 81' lang='lat' dir='ltr'><strong>az.</strong></span> <span class='ocrx_word' id='word_1_68' title='bbox 698 1281 766 1346; x_wconf 78' lang='lat' dir='ltr'><strong>Bag.</strong></span> <span class='ocrx_word' id='word_1_69' title='bbox 779 1281 898 1332; x_wconf 86' lang='lat' dir='ltr'><strong>Roberti</strong></span> <span class='ocrx_word' id='word_1_70' title='bbox 907 1280 940 1330; x_wconf 88' lang='lat' dir='ltr'><strong>B.</strong></span> <span class='ocrx_word' id='word_1_71' title='bbox 952 1285 994 1331; x_wconf 84' lang='lat'><strong>90.</strong></span> <span class='ocrx_word' id='word_1_72' title='bbox 1007 1281 1048 1332; x_wconf 81' lang='lat' dir='ltr'><strong>sk.</strong></span> <span class='ocrx_word' id='word_1_73' title='bbox 1057 1282 1127 1346; x_wconf 83' lang='lat' dir='ltr'><strong>lev.;</strong></span> <span class='ocrx_word' id='word_1_74' title='bbox 1151 1296 1177 1331; x_wconf 90' lang='lat' dir='ltr'><strong>u.</strong></span> <span class='ocrx_word' id='word_1_75' title='bbox 1188 1282 1224 1343; x_wconf 87' lang='lat' dir='ltr'><strong>o.)</strong></span> 
     </span>
    </p>
   </div>
   <div class='ocr_carea' id='block_1_6' title="bbox 585 1463 744 1470">
    <p class='ocr_par' dir='ltr' id='par_1_7' title="bbox 585 1463 744 1470">
     <span class='ocr_line' id='line_1_10' title="bbox 585 1463 744 1470; baseline -0.006 0"><span class='ocrx_word' id='word_1_76' title='bbox 585 1463 744 1470; x_wconf 70' lang='lat'><strong>-—--..--</strong></span> 
     </span>
    </p>
   </div>
   <div class='ocr_carea' id='block_1_7' title="bbox 252 1735 1074 1981">
    <p class='ocr_par' dir='ltr' id='par_1_8' title="bbox 252 1735 1074 1981">
     <span class='ocr_line' id='line_1_11' title="bbox 631 1735 706 1798; baseline 0 -3"><span class='ocrx_word' id='word_1_77' title='bbox 631 1735 706 1798; x_wconf 89' lang='grc'>335.</span> 
     </span>
     <span class='ocr_line' id='line_1_12' title="bbox 252 1895 1074 1981; baseline -0.002 -22"><span class='ocrx_word' id='word_1_78' title='bbox 252 1895 370 1959; x_wconf 78' lang='lat' dir='ltr'><strong>Robart</strong></span> <span class='ocrx_word' id='word_1_79' title='bbox 386 1895 516 1960; x_wconf 80' lang='lat' dir='ltr'><strong>sicilici</strong></span> <span class='ocrx_word' id='word_1_80' title='bbox 532 1895 714 1981; x_wconf 71' lang='lat' dir='ltr'><strong>birsilyoalc</strong></span> <span class='ocrx_word' id='word_1_81' title='bbox 730 1899 958 1960; x_wconf 61' lang='lat' dir='ltr'><strong>anastasiana.</strong></span> <span class='ocrx_word' id='word_1_82' title='bbox 977 1895 1074 1960; x_wconf 89' lang='lat'><strong><em>1335.</em></strong></span> 
     </span>
    </p>
   </div>
   <div class='ocr_carea' id='block_1_8' title="bbox 102 2069 1232 2480">
    <p class='ocr_par' dir='ltr' id='par_1_9' title="bbox 102 2069 1232 2480">
     <span class='ocr_line' id='line_1_13' title="bbox 208 2069 1230 2156; baseline 0.001 -20"><span class='ocrx_word' id='word_1_83' title='bbox 208 2069 376 2136; x_wconf 88' lang='lat' dir='ltr'><strong>Robertus</strong></span> <span class='ocrx_word' id='word_1_84' title='bbox 392 2077 451 2137; x_wconf 88' lang='lat' dir='ltr'><strong>eto.</strong></span> <span class='ocrx_word' id='word_1_85' title='bbox 490 2071 626 2155; x_wconf 81' lang='lat' dir='ltr'><strong>Ligorio</strong></span> <span class='ocrx_word' id='word_1_86' title='bbox 644 2070 855 2138; x_wconf 83' lang='lat' dir='ltr'><strong>Guarraceno</strong></span> <span class='ocrx_word' id='word_1_87' title='bbox 871 2073 911 2138; x_wconf 86' lang='lat' dir='ltr'><strong>de</strong></span> <span class='ocrx_word' id='word_1_88' title='bbox 929 2070 1069 2156; x_wconf 81' lang='lat' dir='ltr'><strong>Neapoli</strong></span> <span class='ocrx_word' id='word_1_89' title='bbox 1085 2070 1230 2138; x_wconf 76' lang='lat' dir='ltr'><strong>Thesau-</strong></span> 
     </span>
     <span class='ocr_line' id='line_1_14' title="bbox 102 2177 1228 2263; baseline 0.001 -22"><span class='ocrx_word' id='word_1_90' title='bbox 102 2180 189 2244; x_wconf 86' lang='lat' dir='ltr'><strong>rarie</strong></span> <span class='ocrx_word' id='word_1_91' title='bbox 215 2184 326 2245; x_wconf 89' lang='lat' dir='ltr'><strong>nostre</strong></span> <span class='ocrx_word' id='word_1_92' title='bbox 342 2177 484 2246; x_wconf 84' lang='lat' dir='ltr'><strong>Notario</strong></span> <span class='ocrx_word' id='word_1_93' title='bbox 510 2180 666 2248; x_wconf 77' lang='lat' dir='ltr'><strong>familiari</strong></span> <span class='ocrx_word' id='word_1_94' title='bbox 691 2187 724 2246; x_wconf 89' lang='lat' dir='ltr'><strong>et</strong></span> <span class='ocrx_word' id='word_1_95' title='bbox 747 2179 837 2245; x_wconf 91' lang='lat' dir='ltr'><strong>fideli</strong></span> <span class='ocrx_word' id='word_1_96' title='bbox 862 2186 975 2247; x_wconf 91' lang='lat' dir='ltr'><strong>nostro</strong></span> <span class='ocrx_word' id='word_1_97' title='bbox 1000 2181 1142 2263; x_wconf 84' lang='lat' dir='ltr'><strong>gratiam</strong></span> <span class='ocrx_word' id='word_1_98' title='bbox 1168 2184 1228 2245; x_wconf 89' lang='lat' dir='ltr'><strong>etc.</strong></span> 
     </span>
     <span class='ocr_line' id='line_1_15' title="bbox 102 2286 1230 2374; baseline 0 -24"><span class='ocrx_word' id='word_1_99' title='bbox 102 2286 292 2374; x_wconf 78' lang='lat' dir='ltr'><strong>Exposuisti</strong></span> <span class='ocrx_word' id='word_1_100' title='bbox 319 2289 444 2353; x_wconf 89' lang='lat' dir='ltr'><strong>nouiter</strong></span> <span class='ocrx_word' id='word_1_101' title='bbox 469 2289 501 2352; x_wconf 91' lang='lat' dir='ltr'><strong>in</strong></span> <span class='ocrx_word' id='word_1_102' title='bbox 519 2287 621 2354; x_wconf 79' lang='lat' dir='ltr'><strong>Curia</strong></span> <span class='ocrx_word' id='word_1_103' title='bbox 644 2294 768 2370; x_wconf 87' lang='lat' dir='ltr'><strong>nostra,</strong></span> <span class='ocrx_word' id='word_1_104' title='bbox 793 2288 880 2371; x_wconf 89' lang='lat' dir='ltr'><strong>quod</strong></span> <span class='ocrx_word' id='word_1_105' title='bbox 904 2289 981 2355; x_wconf 91' lang='lat' dir='ltr'><strong>olim</strong></span> <span class='ocrx_word' id='word_1_106' title='bbox 1008 2287 1093 2354; x_wconf 86' lang='lat' dir='ltr'><strong>inira</strong></span> <span class='ocrx_word' id='word_1_107' title='bbox 1110 2308 1230 2353; x_wconf 87' lang='lat' dir='ltr'><strong>annum</strong></span> 
     </span>
     <span class='ocr_line' id='line_1_16' title="bbox 102 2394 1232 2480; baseline 0.001 -22"><span class='ocrx_word' id='word_1_108' title='bbox 102 2395 252 2475; x_wconf 84' lang='lat' dir='ltr'><strong>proximo</strong></span> <span class='ocrx_word' id='word_1_109' title='bbox 269 2395 424 2478; x_wconf 84' lang='lat' dir='ltr'><strong>preterita</strong></span> <span class='ocrx_word' id='word_1_110' title='bbox 441 2397 579 2461; x_wconf 85' lang='lat' dir='ltr'><strong>secunde</strong></span> <span class='ocrx_word' id='word_1_111' title='bbox 595 2395 783 2462; x_wconf 79' lang='lat' dir='ltr'><strong>indictionis</strong></span> <span class='ocrx_word' id='word_1_112' title='bbox 798 2395 1017 2480; x_wconf 84' lang='lat' dir='ltr'><strong>infrascriptis</strong></span> <span class='ocrx_word' id='word_1_113' title='bbox 1034 2395 1156 2461; x_wconf 82' lang='lat' dir='ltr'><strong>sedicet</strong></span> <span class='ocrx_word' id='word_1_114' title='bbox 1166 2394 1232 2460; x_wconf 91' lang='lat' dir='ltr'><strong>die·</strong></span> 
     </span>
    </p>
   </div>
   <div class='ocr_carea' id='block_1_9' title="bbox 8 2501 1232 2588">
    <p class='ocr_par' dir='ltr' id='par_1_10' title="bbox 8 2501 1232 2588">
     <span class='ocr_line' id='line_1_17' title="bbox 8 2501 1232 2588; baseline -0.001 -22"><span class='ocrx_word' id='word_1_115' title='bbox 8 2501 10 2504; x_wconf 74' lang='grc'><strong>’</strong></span> <span class='ocrx_word' id='word_1_116' title='bbox 104 2503 162 2571; x_wconf 88' lang='lat' dir='ltr'><strong>bus</strong></span> <span class='ocrx_word' id='word_1_117' title='bbox 178 2511 212 2568; x_wconf 89' lang='lat' dir='ltr'><strong>ct</strong></span> <span class='ocrx_word' id='word_1_118' title='bbox 228 2503 308 2569; x_wconf 89' lang='lat' dir='ltr'><strong>locis</strong></span> <span class='ocrx_word' id='word_1_119' title='bbox 323 2503 478 2588; x_wconf 84' lang='lat' dir='ltr'><strong>recepisti</strong></span> <span class='ocrx_word' id='word_1_120' title='bbox 494 2510 527 2570; x_wconf 90' lang='lat' dir='ltr'><strong>et</strong></span> <span class='ocrx_word' id='word_1_121' title='bbox 542 2502 686 2570; x_wconf 89' lang='lat' dir='ltr'><strong>habuisti</strong></span> <span class='ocrx_word' id='word_1_122' title='bbox 701 2510 770 2570; x_wconf 87' lang='lat' dir='ltr'><strong>tam</strong></span> <span class='ocrx_word' id='word_1_123' title='bbox 786 2504 819 2568; x_wconf 92' lang='lat' dir='ltr'><strong>in</strong></span> <span class='ocrx_word' id='word_1_124' title='bbox 835 2502 976 2570; x_wconf 74' lang='lat' dir='ltr'><strong>(lamera</strong></span> <span class='ocrx_word' id='word_1_125' title='bbox 992 2508 1107 2570; x_wconf 86' lang='lat' dir='ltr'><strong>nostra</strong></span> <span class='ocrx_word' id='word_1_126' title='bbox 1121 2525 1141 2568; x_wconf 88' lang='lat' dir='ltr'><strong>a</strong></span> <span class='ocrx_word' id='word_1_127' title='bbox 1156 2501 1232 2566; x_wconf 85' lang='lat' dir='ltr'><strong>Ric-</strong></span> 
     </span>
    </p>
   </div>
   <div class='ocr_carea' id='block_1_10' title="bbox 102 2611 1232 2698">
    <p class='ocr_par' dir='ltr' id='par_1_11' title="bbox 102 2611 1232 2698">
     <span class='ocr_line' id='line_1_18' title="bbox 102 2611 1232 2698; baseline 0 -22"><span class='ocrx_word' id='word_1_128' title='bbox 102 2611 194 2677; x_wconf 86' lang='lat' dir='ltr'><strong>cerio</strong></span> <span class='ocrx_word' id='word_1_129' title='bbox 221 2611 262 2677; x_wconf 90' lang='lat' dir='ltr'><strong>de</strong></span> <span class='ocrx_word' id='word_1_130' title='bbox 280 2611 395 2696; x_wconf 83' lang='lat' dir='ltr'><strong>Stella,</strong></span> <span class='ocrx_word' id='word_1_131' title='bbox 418 2612 593 2697; x_wconf 86' lang='lat' dir='ltr'><strong>Raynaldo</strong></span> <span class='ocrx_word' id='word_1_132' title='bbox 619 2614 658 2679; x_wconf 90' lang='lat' dir='ltr'><strong>de</strong></span> <span class='ocrx_word' id='word_1_133' title='bbox 678 2613 828 2698; x_wconf 84' lang='lat' dir='ltr'><strong>Rocceyo</strong></span> <span class='ocrx_word' id='word_1_134' title='bbox 852 2613 974 2697; x_wconf 85' lang='lat' dir='ltr'><strong>Magne</strong></span> <span class='ocrx_word' id='word_1_135' title='bbox 1000 2620 1108 2678; x_wconf 89' lang='lat' dir='ltr'><strong>nostre</strong></span> <span class='ocrx_word' id='word_1_136' title='bbox 1134 2611 1232 2678; x_wconf 79' lang='lat' dir='ltr'><strong>Ousia</strong></span> 
     </span>
    </p>
   </div>
   <div class='ocr_carea' id='block_1_11' title="bbox 8 2718 1234 2806">
    <p class='ocr_par' dir='ltr' id='par_1_12' title="bbox 8 2718 1234 2806">
     <span class='ocr_line' id='line_1_19' title="bbox 8 2718 1234 2806; baseline -0.002 -20"><span class='ocrx_word' id='word_1_137' title='bbox 8 2721 10 2726; x_wconf 73' lang='grc'><strong>’</strong></span> <span class='ocrx_word' id='word_1_138' title='bbox 104 2718 279 2805; x_wconf 85' lang='lat' dir='ltr'><strong>Magistris</strong></span> <span class='ocrx_word' id='word_1_139' title='bbox 295 2719 581 2802; x_wconf 84' lang='lat' dir='ltr'><strong>Rationalibus‚et</strong></span> <span class='ocrx_word' id='word_1_140' title='bbox 595 2718 727 2806; x_wconf 83' lang='lat' dir='ltr'><strong>Angclo</strong></span> <span class='ocrx_word' id='word_1_141' title='bbox 747 2722 788 2788; x_wconf 87' lang='lat' dir='ltr'><strong>de</strong></span> <span class='ocrx_word' id='word_1_142' title='bbox 805 2721 927 2803; x_wconf 89' lang='lat' dir='ltr'><strong>Melfia,</strong></span> <span class='ocrx_word' id='word_1_143' title='bbox 943 2719 1175 2804; x_wconf 80' lang='lat' dir='ltr'><strong>Thesaurarijs</strong></span> <span class='ocrx_word' id='word_1_144' title='bbox 1201 2726 1234 2784; x_wconf 88' lang='lat' dir='ltr'><strong>et</strong></span> 
     </span>
    </p>
   </div>
   <div class='ocr_carea' id='block_1_12' title="bbox 104 2827 1233 2911">
    <p class='ocr_par' dir='ltr' id='par_1_13' title="bbox 104 2827 1233 2911">
     <span class='ocr_line' id='line_1_20' title="bbox 104 2827 1233 2911; baseline -0.001 -18"><span class='ocrx_word' id='word_1_145' title='bbox 104 2827 324 2896; x_wconf 76' lang='lat' dir='ltr'><strong>familis-ribus</strong></span> <span class='ocrx_word' id='word_1_146' title='bbox 341 2831 472 2911; x_wconf 90' lang='lat' dir='ltr'><strong>nostris,</strong></span> <span class='ocrx_word' id='word_1_147' title='bbox 498 2831 696 2896; x_wconf 88' lang='lat' dir='ltr'><strong>auctoritate</strong></span> <span class='ocrx_word' id='word_1_148' title='bbox 720 2829 949 2896; x_wconf 89' lang='lat' dir='ltr'><strong>mandatorum</strong></span> <span class='ocrx_word' id='word_1_149' title='bbox 972 2835 1159 2898; x_wconf 88' lang='lat' dir='ltr'><strong>nostrorum</strong></span> <span class='ocrx_word' id='word_1_150' title='bbox 1186 2828 1233 2893; x_wconf 91' lang='lat' dir='ltr'><strong>eis</strong></span> 
     </span>
    </p>
   </div>
   <div class='ocr_carea' id='block_1_13' title="bbox 8 2936 1233 3022">
    <p class='ocr_par' dir='ltr' id='par_1_14' title="bbox 8 2936 1233 3022">
     <span class='ocr_line' id='line_1_21' title="bbox 8 2936 1233 3022; baseline 0.002 -22"><span class='ocrx_word' id='word_1_151' title='bbox 8 2953 9 2956; x_wconf 73' lang='grc'>’</span> <span class='ocrx_word' id='word_1_152' title='bbox 104 2945 282 3021; x_wconf 88' lang='lat' dir='ltr'><strong>propterea</strong></span> <span class='ocrx_word' id='word_1_153' title='bbox 297 2937 508 3018; x_wconf 86' lang='lat' dir='ltr'><strong>directorum,</strong></span> <span class='ocrx_word' id='word_1_154' title='bbox 524 2938 761 3006; x_wconf 80' lang='lat' dir='ltr'><strong>connectendas</strong></span> <span class='ocrx_word' id='word_1_155' title='bbox 776 2948 854 3003; x_wconf 90' lang='lat' dir='ltr'><strong>tunc</strong></span> <span class='ocrx_word' id='word_1_156' title='bbox 869 2940 903 3002; x_wconf 92' lang='lat' dir='ltr'><strong>in</strong></span> <span class='ocrx_word' id='word_1_157' title='bbox 918 2938 1068 3022; x_wconf 84' lang='lat' dir='ltr'><strong>expansis</strong></span> <span class='ocrx_word' id='word_1_158' title='bbox 1077 2936 1233 3002; x_wconf 84' lang='lat' dir='ltr'><strong>faciendis</strong></span> 
     </span>
    </p>
   </div>
   <div class='ocr_carea' id='block_1_14' title="bbox 106 3041 1238 3782">
    <p class='ocr_par' dir='ltr' id='par_1_15' title="bbox 106 3041 1238 3782">
     <span class='ocr_line' id='line_1_22' title="bbox 108 3041 1234 3132; baseline 0.002 -23"><span class='ocrx_word' id='word_1_159' title='bbox 108 3041 291 3128; x_wconf 86' lang='lat' dir='ltr'><strong>Spectabili</strong></span> <span class='ocrx_word' id='word_1_160' title='bbox 305 3043 393 3130; x_wconf 75' lang='lat' dir='ltr'><strong>Regi</strong></span> <span class='ocrx_word' id='word_1_161' title='bbox 409 3045 557 3130; x_wconf 84' lang='lat' dir='ltr'><strong>Vngarie</strong></span> <span class='ocrx_word' id='word_1_162' title='bbox 572 3048 684 3132; x_wconf 88' lang='lat' dir='ltr'><strong>nepoti</strong></span> <span class='ocrx_word' id='word_1_163' title='bbox 700 3051 812 3113; x_wconf 88' lang='lat' dir='ltr'><strong>nostro</strong></span> <span class='ocrx_word' id='word_1_164' title='bbox 828 3045 1004 3129; x_wconf 87' lang='lat' dir='ltr'><strong>carissimo,</strong></span> <span class='ocrx_word' id='word_1_165' title='bbox 1023 3049 1057 3111; x_wconf 88' lang='lat' dir='ltr'><strong>et</strong></span> <span class='ocrx_word' id='word_1_166' title='bbox 1072 3046 1161 3128; x_wconf 78' lang='lat' dir='ltr'><strong>genti</strong></span> <span class='ocrx_word' id='word_1_167' title='bbox 1177 3065 1234 3111; x_wconf 87' lang='lat' dir='ltr'><strong>sue</strong></span> 
     </span>
     <span class='ocr_line' id='line_1_23' title="bbox 110 3151 1235 3238; baseline 0.002 -22"><span class='ocrx_word' id='word_1_168' title='bbox 110 3151 153 3217; x_wconf 88' lang='lat' dir='ltr'><strong>ad</strong></span> <span class='ocrx_word' id='word_1_169' title='bbox 170 3159 282 3238; x_wconf 87' lang='lat' dir='ltr'><strong>partes</strong></span> <span class='ocrx_word' id='word_1_170' title='bbox 293 3153 440 3238; x_wconf 80' lang='lat' dir='ltr'><strong>Vagarie</strong></span> <span class='ocrx_word' id='word_1_171' title='bbox 456 3155 667 3222; x_wconf 87' lang='lat' dir='ltr'><strong>redeuntibus</strong></span> <span class='ocrx_word' id='word_1_172' title='bbox 684 3177 756 3220; x_wconf 90' lang='lat' dir='ltr'><strong>cum</strong></span> <span class='ocrx_word' id='word_1_173' title='bbox 772 3153 971 3220; x_wconf 87' lang='lat' dir='ltr'><strong>conscientia</strong></span> <span class='ocrx_word' id='word_1_174' title='bbox 987 3153 1145 3220; x_wconf 89' lang='lat' dir='ltr'><strong>etn&#39;otitia</strong></span> <span class='ocrx_word' id='word_1_175' title='bbox 1155 3151 1235 3218; x_wconf 81' lang='lat' dir='ltr'><strong>Goi-</strong></span> 
     </span>
     <span class='ocr_line' id='line_1_24' title="bbox 106 3259 1236 3348; baseline 0.004 -25"><span class='ocrx_word' id='word_1_176' title='bbox 106 3259 185 3325; x_wconf 85' lang='lat' dir='ltr'><strong>iridi</strong></span> <span class='ocrx_word' id='word_1_177' title='bbox 202 3260 243 3327; x_wconf 88' lang='lat' dir='ltr'><strong>de</strong></span> <span class='ocrx_word' id='word_1_178' title='bbox 260 3261 368 3327; x_wconf 88' lang='lat' dir='ltr'><strong>Berra</strong></span> <span class='ocrx_word' id='word_1_179' title='bbox 384 3260 580 3347; x_wconf 88' lang='lat' dir='ltr'><strong>Jurisperiti</strong></span> <span class='ocrx_word' id='word_1_180' title='bbox 597 3262 730 3348; x_wconf 89' lang='lat' dir='ltr'><strong>hospitij</strong></span> <span class='ocrx_word' id='word_1_181' title='bbox 748 3262 852 3330; x_wconf 88' lang='lat' dir='ltr'><strong>nostri</strong></span> <span class='ocrx_word' id='word_1_182' title='bbox 861 3262 999 3345; x_wconf 91' lang='lat' dir='ltr'><strong>Judicis,</strong></span> <span class='ocrx_word' id='word_1_183' title='bbox 1014 3262 1189 3329; x_wconf 88' lang='lat' dir='ltr'><strong>familiaris</strong></span> <span class='ocrx_word' id='word_1_184' title='bbox 1203 3269 1236 3328; x_wconf 89' lang='lat' dir='ltr'><strong>et</strong></span> 
     </span>
     <span class='ocr_line' id='line_1_25' title="bbox 107 3367 1237 3458; baseline 0.003 -25"><span class='ocrx_word' id='word_1_185' title='bbox 107 3367 216 3434; x_wconf 89' lang='lat' dir='ltr'><strong>fidelis</strong></span> <span class='ocrx_word' id='word_1_186' title='bbox 231 3369 344 3452; x_wconf 89' lang='lat' dir='ltr'><strong>nostri,</strong></span> <span class='ocrx_word' id='word_1_187' title='bbox 371 3369 571 3455; x_wconf 89' lang='lat' dir='ltr'><strong>subscriptas</strong></span> <span class='ocrx_word' id='word_1_188' title='bbox 587 3371 630 3436; x_wconf 88' lang='lat' dir='ltr'><strong>ad</strong></span> <span class='ocrx_word' id='word_1_189' title='bbox 646 3372 798 3455; x_wconf 88' lang='lat' dir='ltr'><strong>generale</strong></span> <span class='ocrx_word' id='word_1_190' title='bbox 814 3371 942 3456; x_wconf 92' lang='lat' dir='ltr'><strong>pondus</strong></span> <span class='ocrx_word' id='word_1_191' title='bbox 956 3371 1092 3458; x_wconf 88' lang='lat' dir='ltr'><strong>pecunie</strong></span> <span class='ocrx_word' id='word_1_192' title='bbox 1109 3373 1237 3455; x_wconf 91' lang='lat' dir='ltr'><strong>quanti-</strong></span> 
     </span>
     <span class='ocr_line' id='line_1_26' title="bbox 110 3478 1237 3567; baseline 0.003 -24"><span class='ocrx_word' id='word_1_193' title='bbox 110 3483 208 3558; x_wconf 86' lang='lat' dir='ltr'><strong>tates,</strong></span> <span class='ocrx_word' id='word_1_194' title='bbox 224 3478 378 3544; x_wconf 85' lang='lat' dir='ltr'><strong>videlicet</strong></span> <span class='ocrx_word' id='word_1_195' title='bbox 393 3499 413 3544; x_wconf 88' lang='lat' dir='ltr'><strong>a</strong></span> <span class='ocrx_word' id='word_1_196' title='bbox 431 3479 527 3546; x_wconf 89' lang='lat' dir='ltr'><strong>dictis</strong></span> <span class='ocrx_word' id='word_1_197' title='bbox 543 3479 773 3565; x_wconf 84' lang='lat' dir='ltr'><strong>Thesaurarijs</strong></span> <span class='ocrx_word' id='word_1_198' title='bbox 790 3481 904 3548; x_wconf 91' lang='lat' dir='ltr'><strong>diebus</strong></span> <span class='ocrx_word' id='word_1_199' title='bbox 920 3481 1112 3567; x_wconf 86' lang='lat' dir='ltr'><strong>subscriptis</strong></span> <span class='ocrx_word' id='word_1_200' title='bbox 1127 3481 1237 3547; x_wconf 83' lang='lat' dir='ltr'><strong>uncias</strong></span> 
     </span>
     <span class='ocr_line' id='line_1_27' title="bbox 108 3585 1237 3674; baseline 0.001 -23"><span class='ocrx_word' id='word_1_201' title='bbox 108 3585 379 3671; x_wconf 82' lang='lat' dir='ltr'><strong>quadringentas,</strong></span> <span class='ocrx_word' id='word_1_202' title='bbox 404 3587 456 3652; x_wconf 90' lang='lat' dir='ltr'><strong>die</strong></span> <span class='ocrx_word' id='word_1_203' title='bbox 482 3588 607 3655; x_wconf 89' lang='lat' dir='ltr'><strong>scilicet</strong></span> <span class='ocrx_word' id='word_1_204' title='bbox 632 3589 782 3655; x_wconf 84' lang='lat' dir='ltr'><strong>vicesimo</strong></span> <span class='ocrx_word' id='word_1_205' title='bbox 808 3591 913 3674; x_wconf 92' lang='lat' dir='ltr'><strong>primo</strong></span> <span class='ocrx_word' id='word_1_206' title='bbox 938 3591 1057 3656; x_wconf 87' lang='lat' dir='ltr'><strong>mensis</strong></span> <span class='ocrx_word' id='word_1_207' title='bbox 1081 3587 1237 3656; x_wconf 87' lang='lat' dir='ltr'><strong>Octobris</strong></span> 
     </span>
     <span class='ocr_line' id='line_1_28' title="bbox 106 3694 1238 3782; baseline 0.001 -24"><span class='ocrx_word' id='word_1_208' title='bbox 106 3695 250 3762; x_wconf 88' lang='lat' dir='ltr'><strong>secunde</strong></span> <span class='ocrx_word' id='word_1_209' title='bbox 266 3694 453 3761; x_wconf 86' lang='lat' dir='ltr'><strong>indictionis</strong></span> <span class='ocrx_word' id='word_1_210' title='bbox 469 3696 580 3762; x_wconf 84' lang='lat' dir='ltr'><strong>uncias</strong></span> <span class='ocrx_word' id='word_1_211' title='bbox 591 3696 766 3777; x_wconf 80' lang='lat' dir='ltr'><strong>ducentas3</strong></span> <span class='ocrx_word' id='word_1_212' title='bbox 783 3697 837 3763; x_wconf 90' lang='lat' dir='ltr'><strong>die</strong></span> <span class='ocrx_word' id='word_1_213' title='bbox 848 3699 960 3782; x_wconf 89' lang='lat' dir='ltr'><strong>quinto</strong></span> <span class='ocrx_word' id='word_1_214' title='bbox 970 3694 1238 3763; x_wconf 89' lang='lat' dir='ltr'><strong>mensisNouem-</strong></span> 
     </span>
    </p>
   </div>
   <div class='ocr_carea' id='block_1_15' title="bbox 8 3801 1238 3888">
    <p class='ocr_par' dir='ltr' id='par_1_16' title="bbox 8 3801 1238 3888">
     <span class='ocr_line' id='line_1_29' title="bbox 8 3801 1238 3888; baseline -0.001 -20"><span class='ocrx_word' id='word_1_215' title='bbox 8 3831 9 3834; x_wconf 41' lang='lat'>¹</span> <span class='ocrx_word' id='word_1_216' title='bbox 108 3801 180 3870; x_wconf 92' lang='lat' dir='ltr'><strong>bris</strong></span> <span class='ocrx_word' id='word_1_217' title='bbox 207 3803 353 3868; x_wconf 88' lang='lat' dir='ltr'><strong>eiusdem</strong></span> <span class='ocrx_word' id='word_1_218' title='bbox 384 3803 572 3870; x_wconf 84' lang='lat' dir='ltr'><strong>indictionis</strong></span> <span class='ocrx_word' id='word_1_219' title='bbox 597 3804 707 3870; x_wconf 81' lang='lat' dir='ltr'><strong>uncias</strong></span> <span class='ocrx_word' id='word_1_220' title='bbox 732 3813 880 3888; x_wconf 85' lang='lat' dir='ltr'><strong>centum;</strong></span> <span class='ocrx_word' id='word_1_221' title='bbox 910 3811 942 3870; x_wconf 85' lang='lat' dir='ltr'><strong>ct</strong></span> <span class='ocrx_word' id='word_1_222' title='bbox 971 3805 1023 3870; x_wconf 90' lang='lat' dir='ltr'><strong>die</strong></span> <span class='ocrx_word' id='word_1_223' title='bbox 1048 3803 1238 3870; x_wconf 90' lang='lat' dir='ltr'><strong>duodecimo</strong></span> 
     </span>
    </p>
   </div>
   <div class='ocr_carea' id='block_1_16' title="bbox 108 3901 1242 4430">
    <p class='ocr_par' dir='ltr' id='par_1_17' title="bbox 108 3901 1242 4430">
     <span class='ocr_line' id='line_1_30' title="bbox 108 3901 1240 3996; baseline 0 -20"><span class='ocrx_word' id='word_1_224' title='bbox 108 3908 256 3977; x_wconf 84' lang='lat' dir='ltr'><strong>eiusdem</strong></span> <span class='ocrx_word' id='word_1_225' title='bbox 272 3913 393 3978; x_wconf 87' lang='lat' dir='ltr'><strong>mensis</strong></span> <span class='ocrx_word' id='word_1_226' title='bbox 404 3901 602 3980; x_wconf 82' lang='lat' dir='ltr'><strong>Nouembris</strong></span> <span class='ocrx_word' id='word_1_227' title='bbox 619 3912 704 3978; x_wconf 87' lang='lat' dir='ltr'><strong>dicte</strong></span> <span class='ocrx_word' id='word_1_228' title='bbox 715 3911 762 3978; x_wconf 87' lang='grc' dir='ltr'><strong>ΙΙ.</strong></span> <span class='ocrx_word' id='word_1_229' title='bbox 771 3911 959 3978; x_wconf 89' lang='lat' dir='ltr'><strong>indictionis</strong></span> <span class='ocrx_word' id='word_1_230' title='bbox 976 3912 1120 3996; x_wconf 87' lang='lat' dir='ltr'><strong>reliquas</strong></span> <span class='ocrx_word' id='word_1_231' title='bbox 1130 3911 1240 3977; x_wconf 78' lang='lat' dir='ltr'><strong>uncias</strong></span> 
     </span>
     <span class='ocr_line' id='line_1_31' title="bbox 110 4015 1241 4102; baseline -0.004 -14"><span class='ocrx_word' id='word_1_232' title='bbox 110 4027 252 4088; x_wconf 83' lang='lat' dir='ltr'><strong>centum.</strong></span> <span class='ocrx_word' id='word_1_233' title='bbox 270 4021 354 4086; x_wconf 85' lang='lat' dir='ltr'><strong>Item</strong></span> <span class='ocrx_word' id='word_1_234' title='bbox 364 4047 382 4086; x_wconf 83' lang='lat' dir='ltr'><strong>a</strong></span> <span class='ocrx_word' id='word_1_235' title='bbox 392 4020 493 4088; x_wconf 90' lang='lat' dir='ltr'><strong>Petro</strong></span> <span class='ocrx_word' id='word_1_236' title='bbox 504 4020 699 4090; x_wconf 85' lang='lat' dir='ltr'><strong>Saluacossa</strong></span> <span class='ocrx_word' id='word_1_237' title='bbox 715 4020 818 4086; x_wconf 90' lang='lat' dir='ltr'><strong>milite</strong></span> <span class='ocrx_word' id='word_1_238' title='bbox 829 4020 1058 4102; x_wconf 87' lang='lat' dir='ltr'><strong>Prothontino,</strong></span> <span class='ocrx_word' id='word_1_239' title='bbox 1068 4015 1170 4084; x_wconf 88' lang='lat' dir='ltr'><strong>Yscle</strong></span> <span class='ocrx_word' id='word_1_240' title='bbox 1180 4015 1241 4084; x_wconf 86' lang='lat' dir='ltr'><strong>Ju-</strong></span> 
     </span>
     <span class='ocr_line' id='line_1_32' title="bbox 108 4124 1239 4214; baseline -0.002 -20"><span class='ocrx_word' id='word_1_241' title='bbox 108 4127 255 4197; x_wconf 85' lang='lat' dir='ltr'><strong>stitiario</strong></span> <span class='ocrx_word' id='word_1_242' title='bbox 273 4129 375 4194; x_wconf 82' lang='lat' dir='ltr'><strong>Terre</strong></span> <span class='ocrx_word' id='word_1_243' title='bbox 391 4129 533 4196; x_wconf 88' lang='lat' dir='ltr'><strong>Laboris</strong></span> <span class='ocrx_word' id='word_1_244' title='bbox 551 4129 735 4196; x_wconf 78' lang='lat' dir='ltr'><strong>Comitatus</strong></span> <span class='ocrx_word' id='word_1_245' title='bbox 751 4128 876 4214; x_wconf 87' lang='lat' dir='ltr'><strong>Molisij</strong></span> <span class='ocrx_word' id='word_1_246' title='bbox 902 4150 961 4214; x_wconf 89' lang='lat' dir='ltr'><strong>per</strong></span> <span class='ocrx_word' id='word_1_247' title='bbox 977 4147 1090 4194; x_wconf 89' lang='lat' dir='ltr'><strong>manus</strong></span> <span class='ocrx_word' id='word_1_248' title='bbox 1107 4124 1239 4210; x_wconf 86' lang='lat' dir='ltr'><strong>Nicolsj</strong></span> 
     </span>
     <span class='ocr_line' id='line_1_33' title="bbox 110 4234 1241 4324; baseline -0.003 -21"><span class='ocrx_word' id='word_1_249' title='bbox 110 4234 215 4305; x_wconf 80' lang='lat' dir='ltr'><strong>Cossa</strong></span> <span class='ocrx_word' id='word_1_250' title='bbox 234 4237 342 4324; x_wconf 89' lang='lat' dir='ltr'><strong>nuncij</strong></span> <span class='ocrx_word' id='word_1_251' title='bbox 360 4239 411 4304; x_wconf 91' lang='lat' dir='ltr'><strong>sui</strong></span> <span class='ocrx_word' id='word_1_252' title='bbox 428 4238 479 4303; x_wconf 89' lang='lat' dir='ltr'><strong>dic</strong></span> <span class='ocrx_word' id='word_1_253' title='bbox 495 4238 636 4304; x_wconf 90' lang='lat' dir='ltr'><strong>secundo</strong></span> <span class='ocrx_word' id='word_1_254' title='bbox 652 4239 735 4304; x_wconf 87' lang='lat' dir='ltr'><strong>dicti</strong></span> <span class='ocrx_word' id='word_1_255' title='bbox 748 4239 867 4303; x_wconf 88' lang='lat' dir='ltr'><strong>mensis</strong></span> <span class='ocrx_word' id='word_1_256' title='bbox 883 4236 1081 4304; x_wconf 89' lang='lat' dir='ltr'><strong>Nouembris</strong></span> <span class='ocrx_word' id='word_1_257' title='bbox 1096 4234 1241 4321; x_wconf 82' lang='lat' dir='ltr'><strong>predicte</strong></span> 
     </span>
     <span class='ocr_line' id='line_1_34' title="bbox 109 4341 1242 4430; baseline -0.004 -18"><span class='ocrx_word' id='word_1_258' title='bbox 109 4347 157 4412; x_wconf 92' lang='grc' dir='ltr'><strong>Π.</strong></span> <span class='ocrx_word' id='word_1_259' title='bbox 175 4346 366 4412; x_wconf 87' lang='lat' dir='ltr'><strong>indictionis</strong></span> <span class='ocrx_word' id='word_1_260' title='bbox 391 4347 477 4430; x_wconf 91' lang='lat' dir='ltr'><strong>apud</strong></span> <span class='ocrx_word' id='word_1_261' title='bbox 494 4343 694 4430; x_wconf 84' lang='lat' dir='ltr'><strong>Argentium</strong></span> <span class='ocrx_word' id='word_1_262' title='bbox 711 4344 751 4411; x_wconf 90' lang='lat' dir='ltr'><strong>de</strong></span> <span class='ocrx_word' id='word_1_263' title='bbox 771 4345 910 4430; x_wconf 89' lang='lat' dir='ltr'><strong>pecunia</strong></span> <span class='ocrx_word' id='word_1_264' title='bbox 925 4345 1090 4428; x_wconf 81' lang='lat' dir='ltr'><strong>generalis</strong></span> <span class='ocrx_word' id='word_1_265' title='bbox 1105 4341 1242 4410; x_wconf 89' lang='lat' dir='ltr'><strong>subuen-</strong></span> 
     </span>
    </p>
   </div>
   <div class='ocr_carea' id='block_1_17' title="bbox 8 4449 1243 4522">
    <p class='ocr_par' dir='ltr' id='par_1_18' title="bbox 8 4449 1243 4522">
     <span class='ocr_line' id='line_1_35' title="bbox 8 4449 1243 4522; baseline -0.004 1"><span class='ocrx_word' id='word_1_266' title='bbox 8 4459 10 4480; x_wconf 73' lang='lat'><strong>²</strong></span> <span class='ocrx_word' id='word_1_267' title='bbox 108 4457 215 4522; x_wconf 87' lang='lat' dir='ltr'><strong>tionis</strong></span> <span class='ocrx_word' id='word_1_268' title='bbox 243 4451 321 4519; x_wconf 88' lang='lat' dir='ltr'><strong>dicti</strong></span> <span class='ocrx_word' id='word_1_269' title='bbox 337 4455 416 4520; x_wconf 90' lang='lat' dir='ltr'><strong>anni</strong></span> <span class='ocrx_word' id='word_1_270' title='bbox 432 4456 480 4520; x_wconf 88' lang='grc' dir='ltr'><strong>ΙΙ.</strong></span> <span class='ocrx_word' id='word_1_271' title='bbox 496 4454 683 4520; x_wconf 88' lang='lat' dir='ltr'><strong>indictionis</strong></span> <span class='ocrx_word' id='word_1_272' title='bbox 699 4455 808 4519; x_wconf 72' lang='lat' dir='ltr'><strong>incias</strong></span> <span class='ocrx_word' id='word_1_273' title='bbox 824 4463 961 4520; x_wconf 88' lang='lat' dir='ltr'><strong>centum.</strong></span> <span class='ocrx_word' id='word_1_274' title='bbox 980 4452 1066 4518; x_wconf 87' lang='lat' dir='ltr'><strong>Item</strong></span> <span class='ocrx_word' id='word_1_275' title='bbox 1083 4474 1103 4517; x_wconf 93' lang='lat' dir='ltr'><strong>a</strong></span> <span class='ocrx_word' id='word_1_276' title='bbox 1119 4449 1243 4519; x_wconf 83' lang='lat' dir='ltr'><strong>Guida·</strong></span> 
     </span>
    </p>
   </div>
   <div class='ocr_carea' id='block_1_18' title="bbox 0 0 1640 5236">
    <p class='ocr_par' dir='ltr' id='par_1_19' title="bbox 0 0 1640 5236">
     <span class='ocr_line' id='line_1_36' title="bbox 0 0 1640 5236; baseline 0 0"><span class='ocrx_word' id='word_1_277' title='bbox 0 0 1640 5236; x_wconf 95' lang='lat' dir='ltr'><strong> </strong></span> 
     </span>
    </p>
   </div>
  </div>
 </body>
</html>
