3170 5234
390 280 454 342 216
735 295 968 342 urruonaczrar
995 283 1160 341 aurnuns.

375 476 435 522 nos
450 454 574 538 vigenti
599 475 638 520 ex
663 453 780 534 altera,
808 455 851 521 ad
877 451 1084 539 diripendum
1108 476 1261 522 rancores
1293 456 1466 541 quoslibet,
1480 463 1511 522 et

378 563 467 649 qnod
484 563 621 630 affectus
637 563 788 647 utrinque
803 562 988 630 laudabiles
1012 569 1047 630 et
1070 563 1155 630 bona
1171 565 1339 648 proposita
1355 568 1390 630 in
1406 570 1512 630 actum

380 670 575 756 disponente
591 669 736 737 Domino
753 670 975 754 perducantur
990 671 1024 734 in
1040 669 1155 754 Regiis
1182 671 1369 754 patentibus
1394 670 1512 736 litteris

381 800 442 863 per
461 778 585 844 dictum
601 782 746 842 vestrum
771 777 926 843 nuncium
952 776 1046 843 nobis
1071 776 1236 856 exhibitis,
1262 797 1322 843 nos
1338 777 1515 844 conformes

382 884 562 964 reddimus,
578 888 808 950 contentantes
824 889 924 966 prout
941 885 1082 966 quedam
1105 891 1213 950 vestre
1237 889 1392 968 patentes
1407 886 1514 950 littere

383 995 471 1061 dicto
487 997 595 1058 vestro
611 993 733 1058 nuncio
752 991 896 1058 exhibite
912 990 1135 1058 manifestant.
1159 991 1329 1076 Rogamus
1345 1013 1425 1078 ergo
1442 992 1512 1060 cul-

387 1121 462 1168 men
477 1098 631 1183 Regium,
656 1105 818 1184 quatenus
845 1099 906 1165 sibi
931 1099 1063 1183 placeat
1087 1105 1218 1166 nostros
1242 1106 1445 1166 mercatores
1460 1101 1513 1164 ha

383 1211 461 1277 bere
475 1206 706 1274 fauorabiliter
730 1206 982 1288 commendatos,
1006 1213 1038 1272 et
1063 1207 1216 1273 ordinare
1236 1206 1356 1274 ,taliter
1380 1213 1414 1272 et
1444 1205 1512 1272 fieri

390 1318 498 1384 faeere
514 1338 573 1400 per
590 1316 749 1396 effectum,
779 1315 867 1400 quod
897 1321 1004 1380 strate
1034 1315 1142 1398 Regni
1171 1313 1309 1382 ubilibet
1326 1315 1391 1380 sint
1407 1335 1514 1381 secure

385 1426 509 1504 taliter,
526 1424 614 1508 quod
630 1424 734 1490 nostri
749 1423 862 1490 fideles
878 1425 1006 1508 possint
1031 1423 1137 1490 securi
1152 1422 1368 1490 amicabiliter
1384 1444 1511 1489 conuer-

387 1533 463 1614 sari,
479 1531 737 1616 proponentibus
754 1531 847 1597 nobis
863 1530 1010 1612 firmiter,
1027 1535 1158 1613 gentem
1188 1535 1332 1596 vestram
1348 1530 1389 1597 ad
1405 1535 1511 1613 partes

388 1647 519 1706 nostras
551 1639 759 1706 accedentem
788 1639 958 1706 fauoribus
983 1645 1015 1704 et
1033 1638 1261 1705 beneuolentia
1276 1638 1434 1723 prosequi
1448 1660 1509 1722 epe

390 1748 475 1815 ciali.
491 1747 618 1816 Datum
633 1752 668 1811 vt
688 1768 795 1830 supra.

499 1908 536 1968 (Δ
550 1908 654 1972 »Copia
667 1910 701 1960 de
715 1909 966 1962 Commemorialm
980 1908 1071 1958 ezimtl
1083 1907 1223 1960 velenczei
1235 1908 1466 1974 allamkenyvbol
1477 1908 1509 1958 11.

388 1981 469 2031 kbtet
483 1985 498 2051 ¹.
502 1984 542 2032 57.
556 1981 629 2032 level
644 1997 670 2034 u.
683 1985 720 2045 o.)

916 2395 989 2457 275.

391 2553 528 2622 madio
544 2555 657 2621 borvdt
667 2557 699 2620 aa
709 2554 854 2621 bonoim
864 2551 997 2620 bdacck
1013 2555 1171 2642 kbveledye
1187 2557 1380 2621 a'celeacaei
1395 2557 1508 2622 bueus

822 2646 985 2731 eardpboa.
1004 2647 1099 2710 1320.

498 2820 621 2888 Forma
635 2803 807 2888 ambaxate
824 2820 974 2905 imposite
990 2845 1049 2906 per
1075 2821 1146 2890 Nos
1171 2823 1359 2889 Mladinnm
1383 2817 1507 2890 Oroate-

395 2952 468 2996 rum
485 2936 518 2995 et
533 2929 672 2996 Bossine
688 2930 817 2996 Banum
832 2928 924 2996 uobis
949 2930 1092 2996 discreto
1109 2931 1178 2998 uiro
1194 2932 1359 3014 Magistro
1375 2928 1509 2997 Guilliel·

394 3060 447 3104 mo
464 3038 506 3104 de
522 3036 703 3121 Vergnana
718 3038 857 3113 medico,
873 3035 964 3103 fideli
990 3043 1103 3104 nostro
1130 3037 1249 3106 dilecto
1275 3039 1336 3106 sub
1352 3059 1435 3105 anno
1450 3037 1508 3102 Do-

392 3145 472 3213 mini
487 3145 540 3210 die
558 3151 590 3211 et
605 3167 715 3212 mense
739 3143 874 3210 inferius
907 3146 1080 3228 annotatis,
1112 3167 1210 3228 quam
1241 3154 1394 3230 exparte
1408 3150 1508 3213 nostra

393 3251 515 3319 referre
530 3251 658 3319 habetis
675 3258 708 3320 et
723 3273 877 3336 expresse
904 3252 1033 3319 Illustri
1057 3252 1211 3332 Domino,
1227 3254 1360 3320 domino
1376 3251 1508 3319 Johanni

396 3358 594 3442 Superantio
619 3358 708 3425 Duci
731 3357 947 3428 Venetiarum
973 3365 1006 3425 et
1030 3361 1093 3425 toti
1119 3356 1265 3427 Consilio
1297 3361 1418 3428 Maiori
1433 3358 1508 3424 dicte

397 3464 562 3531 Ciuitatis.

503 3573 671 3658 Imprimis
703 3595 744 3640 ex
774 3581 868 3659 parte
893 3579 1008 3642 nostra
1040 3576 1185 3641 salutare
1216 3574 1343 3644 debetis
1360 3575 1509 3643 dominun

395 3681 521 3748 Ducem
537 3681 703 3765 prefatum
718 3689 887 3767 tanquam
911 3681 1087 3750 Dominum
1114 3689 1148 3749 et
1177 3685 1326 3764 amicum,
1342 3692 1375 3750 et
1389 3684 1460 3751 illos
1475 3679 1507 3744 de

400 3788 545 3857 Oonsilio
560 3796 719 3872 tanquam
735 3791 867 3872 amicos,
892 3787 1031 3858 offerens
1046 3814 1105 3859 nos
1130 3793 1177 3858 eis
1204 3793 1239 3859 in
1267 3793 1355 3861 omni
1385 3792 1468 3858 licito
1482 3793 1509 3852 et

397 3879 543 3964 nonesto.

506 4002 665 4071 Preterea
695 4024 768 4072 cum
797 4007 938 4090 quedam
968 4007 1116 4074 zinzania
1146 4013 1180 4074 et
1205 4007 1364 4074 discensio
1380 4006 1509 4073 videatur

399 4112 480 4179 oriri
496 4112 582 4177 inter
597 4134 656 4178 nos
682 4119 716 4178 et
742 4113 840 4197 ipsos,
866 4116 951 4183 sicut
976 4121 1116 4200 apparet
1132 4138 1172 4182 ex
1187 4114 1259 4199 hoc,
1275 4116 1364 4199 quod
1379 4123 1508 4197 tempore

400 4217 588 4285 rebellionis
603 4226 788 4287 nostrornm
804 4222 1011 4291 subditorum
1027 4224 1067 4289 de
1084 4223 1236 4292 Sibenico
1252 4228 1368 4290 contra
1383 4225 1508 4289 nostrum

402 4325 560 4392 honorem
586 4334 618 4392 et
642 4328 675 4392 in
700 4350 813 4395 eorum
840 4331 1019 4398 subsidium
1044 4332 1208 4416 parabant
1225 4333 1361 4416 nauigia
1376 4337 1407 4397 et
1421 4346 1505 4395 arma·

401 4441 488 4517 tam;
504 4443 537 4504 et
552 4437 593 4504 de
608 4438 671 4507 hoc
686 4441 825 4508 maxime
840 4441 1040 4510 admiremur
1057 4448 1302 4529 cognoscentes,
1318 4464 1376 4510 nos
1391 4436 1505 4524 legalem
