3234 5238
574 335 668 396 isse.
839 308 845 319 “
1141 333 1179 430 ¹³.

9 499 13 506 ¹
59 512 132 576 dem
147 513 183 576 in
198 510 334 592 siugulis
349 509 446 574 terris
463 511 498 574 et
513 508 592 573 locis
608 508 633 574 J
635 507 856 572 ustitiariatus
872 510 921 571 tui
937 509 1078 588 (purisque
1104 529 1182 587 qua-

1 686 2 697 ,
61 627 182 701 ternos,
197 615 452 682 conscribendos
468 635 533 680 non
549 636 607 697 per
622 613 779 698 Notarius
794 619 827 677 et
838 615 1015 696 scriptores
1031 615 1064 677 in
1081 611 1184 679 Ouria

62 734 118 792 tna
134 732 311 804 morantes,
327 729 379 788 set
394 744 453 806 per
470 722 545 788 illos
561 727 690 787 tantum
716 721 902 802 scriptores,
934 743 1014 802 (quos
1046 721 1184 804 predicti

60 839 226 900 taxatores
243 830 365 914 eligent
381 838 414 895 et
445 829 636 909 conducent,
666 829 736 892 lieri
768 827 879 893 facias.
911 827 1058 911 Quorum
1086 850 1184 893 vnum

61 943 120 1008 tibi
138 943 299 1006 retineas:
315 938 418 1004 aliurn
433 938 492 1002 sub
508 937 617 1022 sigillo
642 945 699 1002 tuo
725 937 953 1002 collectoribus
980 937 1059 1020 ipsis
1084 935 1185 1017 assig-

0 1028 1 1031 ,
62 1071 117 1112 nes
128 1072 135 1128 3
146 1047 283 1111 tertium
298 1065 397 1128 penes
415 1043 557 1125 aliquem
577 1043 713 1125 probum
730 1048 764 1106 et
779 1041 907 1106 fidelem
923 1051 1076 1122 nostrum,
1088 1063 1183 1123 quem

63 1155 121 1221 tibi
138 1151 318 1218 communis
333 1152 434 1234 ipsius
460 1149 699 1216 Vniuersitatis
716 1149 832 1215 electio
841 1151 1055 1232 presentabit,
1071 1151 1111 1214 de
1122 1171 1186 1232 quo

6 1257 9 1262 ’
63 1285 118 1346 per
134 1282 208 1326 eum
235 1258 369 1324 cuilibet
393 1257 513 1322 volenti
547 1257 630 1322 scire
647 1259 867 1339 quantitatem
899 1257 960 1322 sibi
992 1258 1187 1340 impositam,

64 1370 156 1454 copia
173 1368 278 1451 gratis
293 1365 360 1447 fiat,
375 1364 581 1430 retinendum
596 1365 760 1446 assignem
787 1371 938 1446 (quartum
956 1367 998 1429 ad
1014 1363 1185 1430 Camerata

64 1484 209 1542 nostram
223 1500 231 1555 3
247 1480 281 1538 et
297 1474 445 1555 quintum
463 1474 506 1538 ad
530 1472 705 1554 magistros
731 1473 912 1538 rationales
938 1473 1061 1555 Magne
1086 1472 1185 1538 Ourie

65 1590 171 1648 nostre
186 1601 247 1666 per
261 1587 368 1646 totum
384 1587 572 1663 sequentem
589 1599 733 1643 mensem
749 1581 774 1646 J
776 1581 842 1644 unii
862 1580 993 1645 studeas
1010 1581 1185 1645 destinare.

64 1691 108 1756 nt
121 1698 157 1754 ut
173 1691 278 1754 omnis
294 1690 496 1773 malignandi
513 1708 610 1771 snper
627 1687 691 1752 biis
707 1689 843 1752 materia
853 1687 1067 1771 precludatur
1078 1713 1084 1768 ;
1094 1695 1187 1752 taxa-

51 1800 192 1864 toribus
217 1798 340 1864 eisdem
373 1797 539 1880 predictis,
575 1795 662 1877 quod
687 1795 719 1859 in
752 1795 980 1861 distributione
1005 1794 1187 1861 huiusmodi

67 1903 215 1970 iacienda
243 1906 290 1969 sic
314 1925 349 1968 se
374 1903 546 1969 exhibeant
581 1902 743 1967 studiosos
768 1902 855 1964 omni
880 1904 1020 1984 equalite
1047 1908 1188 1979 seruata,

13 2081 19 2088 ,
69 2013 150 2092 qnod
167 2017 242 2076 tota
257 2013 386 2092 integra
402 2011 570 2092 quantitas
588 2009 620 2072 in
638 2009 786 2090 qualibet
801 2013 891 2073 terra
920 2017 953 2073 et
979 2009 1048 2074 loco
1075 2015 1190 2072 taxata

70 2141 122 2201 per
147 2119 339 2184 collectores
365 2119 495 2184 eosdem
519 2117 665 2199 recolligi
692 2118 800 2182 valeat
829 2125 863 2182 et
889 2116 1010 2197 haberi,
1037 2124 1068 2181 et
1100 2115 1189 2197 quod

71 2226 191 2290 nullum
209 2225 375 2291 residuum
390 2223 559 2290 occasione
584 2225 790 2308 paupertatis
815 2225 866 2289 vel
893 2225 1039 2290 absentie
1065 2225 1188 2306 aliquo-

70 2354 134 2396 mm
149 2335 273 2399 babere
289 2354 382 2416 posse
399 2339 601 2416 proponant3
619 2337 653 2396 et
669 2333 695 2396 si
712 2332 790 2414 quid
816 2334 987 2398 occasione
1002 2333 1190 2398 huiusmodi

72 2441 108 2504 de
125 2441 294 2506 taxatione
320 2441 470 2520 deluerit,
505 2437 544 2502 de
577 2460 687 2504 eorum
724 2443 856 2524 proprio
883 2437 983 2505 (iuris
1010 2440 1192 2524 suppleant.

21 2535 24 2540 ¹
73 2550 249 2615 Permictas
264 2570 392 2632 quoque
408 2569 467 2631 per
483 2549 671 2614 collectores
688 2548 816 2614 eosdem
832 2572 891 2632 pro
908 2552 1058 2632 expensis
1079 2571 1190 2615 eorum

73 2657 189 2741 imponi
218 2660 328 2723 taxari
358 2662 391 2721 et
421 2656 567 2740 recolligi
597 2659 685 2722 vltra
716 2659 936 2739 quantitatem
968 2659 1191 2725 subuentionis

75 2765 217 2846 predicte
259 2766 409 2848 ponende
441 2765 529 2830 vltra
555 2785 713 2830 summam
745 2765 880 2830 collecte
912 2787 1087 2849 granorum
1119 2768 1192 2831 auri

76 2870 240 2937 duodecim
271 2891 331 2954 pro
367 2873 512 2956 qnalibet
543 2875 637 2938 rncia
668 2875 845 2938 taxationis
870 2875 1012 2940 eiusdem
1043 2875 1191 2940 habende

81 2997 136 3058 per
150 2979 340 3046 collectores
359 2981 489 3046 eosdem
504 3003 563 3064 pro
580 2982 728 3063 expensis
745 3003 855 3046 eorum
881 3003 942 3065 pro
970 2982 1117 3064 qualibet
1140 3005 1194 3044 vn·

82 3086 129 3150 oia
144 3093 253 3151 tamen
269 3089 443 3154 recollecta
459 3111 519 3173 per
535 3112 590 3155 eos
606 3091 646 3156 de
669 3093 838 3156 taxatione
869 3093 1024 3175 predicta.
1055 3091 1194 3173 Insuper

78 3212 222 3275 expresse
242 3197 442 3276 mandamus,
460 3203 619 3278 quatenus
649 3219 707 3281 per
729 3198 988 3282 jurisdictionem
1013 3205 1103 3264 tuam
1129 3204 1194 3262 stu-

79 3299 161 3367 diose
176 3323 215 3368 ac
232 3302 406 3386 diligenter
421 3304 577 3386 inquiras,
593 3309 627 3368 et
643 3305 670 3370 si
687 3305 797 3370 forsan
824 3307 986 3372 inueneris
1024 3313 1130 3372 terras
1162 3312 1195 3369 et

80 3405 148 3472 loca
162 3429 182 3473 a
196 3409 312 3475 cedula
324 3412 501 3476 orationis
517 3410 661 3476 eiusdem
678 3413 763 3477 dicto
780 3435 888 3478 menso
915 3413 1068 3480 Octobris
1093 3414 1194 3495 impo-

82 3515 137 3578 site
151 3514 261 3580 forsan
293 3517 422 3600 omissa,
447 3517 656 3582 considerata
681 3539 806 3584 summa
833 3520 1009 3584 taxationis
1034 3519 1196 3602 presentis

4 3630 5 3633 ’
81 3617 170 3702 lacte,
179 3629 210 3686 et
225 3622 399 3688 collatione
416 3624 456 3687 de
472 3625 570 3688 terris
586 3627 764 3690 ccnuioinis
779 3629 899 3693 taxatis
916 3627 948 3689 in
960 3625 1073 3692 cedula
1083 3647 1196 3708 supra-

3 3740 5 3743 ’
84 3723 174 3810 dicta,
189 3729 326 3796 actantis
343 3751 473 3812 quoque
498 3730 699 3798 facultatibis
727 3735 910 3817 eorundem,
935 3741 1040 3800 terras
1066 3739 1098 3798 et
1123 3733 1196 3798 loca

84 3832 187 3900 eadem
205 3837 249 3902 sic
275 3837 396 3901 omissa
415 3838 449 3902 in
473 3840 620 3920 presenti
646 3841 856 3906 subuentionc
882 3863 953 3906 cum
981 3841 1116 3905 consilio
1142 3862 1197 3905 no-

85 3945 216 4006 strorum
231 3943 378 4009 fidelium
394 3950 509 4009 taxare
525 3945 701 4028 procures,‘
708 3953 741 4012 et
756 3949 927 4030 pecuniam
944 3949 991 4011 eis
1010 3947 1197 4028 impositam

85 4048 244 4132 recolligas
260 4052 304 4116 ab
319 4051 448 4116 eisdem.
464 4051 608 4117 Nomina
623 4075 697 4118 vero
714 4061 876 4119 terrarum
893 4063 925 4119 et
941 4056 1101 4118 locrorum
1113 4053 1196 4134 ipso-

86 4172 159 4236 rum,
173 4175 234 4237 que
249 4159 371 4222 omissa
384 4157 494 4222 forsan
510 4161 682 4238 inueneris,
698 4167 732 4226 et
747 4163 943 4226 taxationem
960 4180 1018 4242 per
1027 4164 1060 4221 te
1077 4157 1197 4221 facien·

88 4257 154 4324 dan
169 4263 285 4330 eisdem
302 4261 440 4330 (lamere
456 4273 489 4330 et
504 4265 674 4348 Magistris
692 4265 923 4333 Rationalibus
947 4267 1070 4346 Magno
1098 4264 1197 4330 Ourie

27 4459 32 4466 .
89 4369 271 4447 supradictis
286 4373 356 4436 sine
371 4391 464 4436 mora
479 4393 538 4455 per
552 4373 685 4438 lictores
702 4379 775 4438 tuas
803 4375 935 4439 scribas.
956 4371 993 4439 si
1009 4395 1084 4438 vero
1110 4373 1198 4437 inue-

90 4472 165 4537 neris
179 4475 211 4540 in
240 4474 472 4543 Justitiariatu
503 4483 560 4543 tuo
593 4479 719 4564 aliquas
745 4485 852 4545 terras
884 4479 1005 4554 forsan,
1035 4481 1113 4566 quia
1145 4502 1197 4545 ex-
