3222 5240
590 343 685 404 1328.
1130 341 1193 403 275

74 519 275 593 prenotatum
291 521 439 581 mutuum
454 517 636 583 subsidium
651 516 694 581 ad
710 517 905 581 remociores
915 516 1024 600 Regni
1040 515 1120 582 dicti
1131 515 1195 582 Re·

75 619 125 700 gis
138 619 310 704 Hungarie
336 624 415 688 fines
440 626 488 690 vel
506 631 618 710 partes
635 647 669 691 se
685 625 916 709 protenderet:
941 632 1017 688 tune
1033 625 1123 704 illud,
1149 645 1195 690 se-

74 728 204 794 cundum
221 731 311 814 quod
327 731 420 798 nobis
436 733 592 816 possibile
608 732 716 814 fuerit,
731 733 910 816 poterimus
926 731 1106 797 moderare.
1124 729 1192 796 Da·

6 833 7 836 ’
74 839 195 900 tumet
221 845 331 904 actum
356 842 388 905 in
414 841 550 906 Prukka
574 862 672 923 super
688 839 820 906 fluuium
838 837 922 906 Saar
948 863 1033 905 anno
1060 837 1194 904 Domini

72 941 235 1010 millesimo
261 949 488 1014 trecentesimo
514 948 669 1030 vigesimo
695 953 820 1026 octauo,
846 947 1011 1012 undecimo
1037 946 1195 1014 kalendas

76 1049 236 1134 Octobris
251 1054 362 1136 Regni
378 1062 488 1121 autem
505 1056 609 1122 nostri
625 1076 711 1120 anno
728 1055 980 1138 quartodecimo.

175 1233 315 1293 (Eredetie
337 1235 519 1298 bdrhdrtyan,
541 1237 660 1300 melyrol
683 1236 746 1300 meg
759 1235 859 1298 nyolcz
873 1233 967 1298 peccet
980 1235 1058 1298 lt'ugg,
1081 1248 1097 1281 a
1111 1233 1194 1283 bndsi

73 1319 122 1368 kir.
145 1321 266 1371 kamarai
289 1323 469 1374 leveltdrbeu.
501 1325 606 1375 Robert
621 1325 726 1388 Karoly
739 1339 856 1388 megyar
869 1324 1017 1387 kirtlyuak
1030 1337 1193 1387 ugyanazon

73 1410 252 1472 szdvetsegrol
267 1411 378 1462 kiadott
391 1413 545 1477 ormenynt
559 1414 619 1464 laed
632 1413 760 1478 Fejtrnel
774 1413 1118 1478 cod.1)ip1.11ung.vl11.
1132 1413 1192 1462 ludt.

6 1521 8 1542 ς
76 1503 96 1545 7.
110 1513 130 1550 r.
145 1504 202 1548 204.
216 1501 246 1562 1.)
1186 1508 1198 1522 ⁴

552 1663 710 1674 n-—n——n—

6 2083 8 2096 ·
73 2054 167 2120 Nona
192 2077 289 2121 varos
314 2055 440 2143 k‘o'zse'qe
456 2057 701 2122 Dalmatidban
727 2057 848 2122 adducti
872 2062 982 2143 math
1002 2081 1022 2121 a
1039 2058 1194 2121 velenczei

6 2167 8 2176 ’
327 2166 534 2252 Irtztdrsasctq
545 2165 819 2252 pdrtfoqdedack.
836 2165 934 2230 1329.

6 2413 8 2424 ,
174 2341 213 2406 In
230 2341 354 2408 Christi
370 2340 625 2408 nomineAmen.
643 2339 742 2407 Anno
759 2341 902 2407 eiusdem
911 2341 1105 2409 Natiuitatis
1121 2342 1193 2406 mil·
1257 2351 1262 2360 “

6 2433 8 2524 Ξ
73 2445 179 2515 lesimo
194 2451 422 2517 trecentesimo
438 2450 592 2534 vigesimo
609 2457 736 2531 octauo,
752 2450 928 2516 indictione
945 2449 1122 2531 undecima,
1139 2448 1192 2514 die

6 2571 9 2648 g
72 2553 236 2638 Mercurii,
251 2565 344 2624 sexto
360 2559 478 2622 mensis
493 2555 656 2623 Januarii.
672 2555 795 2626 Diuine
810 2556 1022 2640 prouidencia
1037 2556 1193 2624 Maiesta-

72 2663 118 2746 tis,
134 2687 195 2748 que
211 2673 327 2732 cuncta
343 2673 503 2750 perpetua
519 2666 648 2730 racione
665 2665 828 2747 gubernat
837 2667 1075 2750 principaliter,
1090 2673 1123 2730 et
1135 2664 1192 2730 do·

7 2769 9 2774 ‘
73 2773 264 2841 minaciones
288 2774 322 2839 in
347 2776 423 2841 orbe
448 2773 602 2858 produxit
627 2780 660 2838 et
685 2774 809 2856 statuit,
833 2780 867 2838 vt
892 2775 925 2839 in
950 2775 1035 2838 viam
1051 2773 1142 2858 pacis
1159 2777 1193 2838 et

72 2879 200 2965 iustitie,
216 2903 278 2965 que
295 2905 420 2948 summa
436 2884 540 2947 virtus
557 2889 615 2966 est,
635 2881 805 2965 dirrigant,
824 2881 1010 2948 custodiant
1026 2887 1059 2947 et
1076 2882 1191 2965 guber-

7 2995 10 3042 ἓ
75 2997 147 3054 nent
171 2991 347 3057 clementer
377 2992 440 3058 sibi
465 2990 641 3056 subductas
666 2992 835 3070 naciones3
869 2991 988 3073 qnippe
1012 2989 1060 3054 nil
1085 2995 1192 3073 potest

74 3091 265 3164 Ciuitatibus
292 3106 325 3163 et
349 3099 476 3182 populis
501 3105 569 3163 tarn
595 3097 809 3164 salutifferum
826 3106 958 3178 tamque
973 3099 1193 3161 necessarium

72 3209 245 3286 procurari,
270 3229 368 3290 quam
382 3213 416 3270 vt
440 3207 620 3290 proprium,
645 3207 765 3271 iustum
791 3211 822 3268 et
839 3206 1122 3270 clementissimum
1138 3201 1193 3266 do·

8 3299 10 3312 ¹
72 3313 200 3379 minium
214 3313 337 3380 Diuina
353 3314 513 3396 largiente
530 3313 717 3379 Clemencia
732 3314 876 3395 reperire
893 3313 1034 3395 valeant,
1049 3313 1107 3377 sub
1124 3333 1191 3394 qno

73 3423 129 3484 tuti
154 3429 187 3488 et
212 3423 318 3489 securi
336 3424 368 3487 in
385 3445 464 3508 pace
480 3430 513 3488 et
529 3421 770 3504 tranquillitate
787 3422 914 3486 valeant
931 3443 1131 3504 permanere,
1158 3443 1192 3488 so

9 3607 10 3614 ἵ
73 3533 102 3591 et
115 3531 197 3596 bona
214 3552 272 3594 sua
287 3530 454 3596 voluntate
471 3535 652 3614 spontanea
667 3528 836 3594 humiliter
847 3530 1083 3594 submittentes.
1101 3530 1191 3594 Hinc

9 3653 10 3656 ’
74 3643 127 3718 est,
151 3636 238 3720 quod
253 3635 400 3718 Nobiles,
427 3637 533 3720 Ciues,
559 3634 703 3718 Judices,
728 3634 928 3719 Consiliarii,
954 3633 1133 3700 Commune
1160 3643 1192 3698 et

73 3739 273 3809 Vniuersitas
289 3750 360 3810 tota
377 3741 530 3810 Ciuitatis
542 3743 636 3808 None
652 3742 800 3826 predicta
817 3743 926 3808 omnia
943 3748 1070 3808 attenta
1086 3743 1190 3806 consi·

10 3843 11 3846 '
73 3846 232 3918 deratione
249 3858 430 3936 pensantes,
448 3875 486 3917 ac
502 3850 746 3916 considerantes
763 3850 991 3914 multimodam
1007 3850 1190 3914 hnmanita-

18 3985 22 3992 ’
72 3967 139 4039 tem,
164 3961 282 4025 iustum
308 3967 341 4025 et
356 3981 454 4026 suane
471 3960 648 4024 dominium
665 3956 775 4023 Incliti
790 3958 913 4022 domini
928 3957 1030 4022 Ducis
1047 3965 1079 4023 et
1095 3954 1191 4020 Oom-

11 4071 13 4078 '
72 4070 168 4132 munis
184 4065 411 4150 Veueciarum,
436 4074 470 4133 et
484 4065 645 4152 quomodo
662 4088 773 4132 eornm
790 4064 922 4145 subditi,
938 4066 1061 4148 populi,
1077 4064 1192 4128 ciuita-

73 4176 123 4254 tes,
147 4183 179 4241 et
204 4177 275 4242 loca
300 4199 356 4242 sue
380 4175 532 4242 fidelitati
559 4175 729 4258 supposita
748 4175 782 4240 in
798 4173 934 4258 pacifica
950 4172 1191 4254 tranquillitate

72 4285 251 4366 persistunt,
267 4293 300 4350 et
315 4286 355 4350 de
370 4287 455 4352 bono
471 4287 504 4349 in
521 4284 635 4349 melius
652 4290 915 4364 augmentantur,
932 4288 1001 4347 tam
1011 4281 1187 4347 communi·

72 4391 116 4452 ter
130 4414 225 4474 quam
242 4392 382 4474 diuisim,
399 4393 534 4475 singulis
550 4391 1001 4475 pleneiusticiaministrata;
1018 4397 1188 4473 sperantes

74 4497 223 4580 siquidem
249 4501 308 4566 sub
327 4522 385 4565 suo
402 4501 488 4566 felici
504 4500 635 4566 Ducatu
652 4509 685 4566 et
702 4499 844 4564 dominio
861 4501 1013 4582 iustaque
1031 4498 1191 4580 guberne·

979 4609 1039 4674 le*
