3174 5236
417 345 479 435 140
773 363 1007 410 orrnouaezmr
1022 348 1190 408 suntuna.

410 524 534 590 eisdem
550 523 707 591 fratribus
723 522 914 588 confirmare
930 521 1100 603 benignius
1116 520 1335 603 dignaremur.
1345 519 1413 586 Nos
1427 521 1510 603 igitur

412 638 547 716 propter
563 634 709 714 ipsorum
723 629 861 695 fratrum
877 649 1052 711 eorumque
1069 630 1206 711 generis,
1215 628 1291 693 fidei
1308 636 1342 695 et
1357 627 1516 694 deuotionis

412 719 542 822 merita,
560 739 679 821 quibus
695 738 730 803 in
745 738 886 821 predicti
912 735 1077 820 quondam
1100 735 1201 818 Regis
1216 733 1371 818 Vngarie,
1386 739 1441 800 aut
1453 733 1512 798 sub·

412 851 586 930 sequenter
601 847 722 910 nostris
752 844 895 928 seruitijs
914 843 1125 908 laudabiliter
1135 843 1343 924 claruerunt3
1367 863 1470 908 eorum
1490 841 1515 905 in

411 953 476 1019 hac
493 960 587 1036 parte
602 954 823 1037 petitionibus,
841 959 1028 1034 annuentes,
1039 957 1144 1017 terras
1169 958 1203 1017 et
1217 950 1303 1016 bona
1318 949 1461 1034 predicta
1473 969 1518 1032 per

410 1061 534 1126 dictum
549 1045 714 1144 quondam
730 1060 856 1144 Regem
870 1057 1018 1142 Vugarie
1033 1060 1163 1143 prefato
1180 1059 1346 1144 quondam
1362 1058 1451 1124 Bono
1464 1056 1517 1121 La·

411 1168 516 1234 dislao
532 1189 695 1248 concessa,
718 1169 752 1232 in
783 1167 901 1250 quibus
926 1167 1008 1232 dicti
1024 1165 1144 1233 iratres
1170 1188 1204 1232 se
1220 1166 1350 1249 dejure
1366 1164 1518 1232 succedere
1581 1173 1586 1220 l

411 1275 533 1357 dicunt,
547 1272 706 1340 fratribus
720 1278 800 1357 ipsis
816 1274 857 1340 de
872 1274 1003 1357 speciali
1020 1277 1129 1358 gratia
1144 1279 1178 1339 et
1202 1279 1291 1339 certa
1307 1278 1420 1339 nostra
1434 1272 1519 1338 scien·

411 1384 460 1449 tia
476 1382 703 1449 confirmanus.
733 1383 774 1448 In
805 1384 895 1449 cuius
925 1384 974 1448 rei
997 1383 1220 1449 testimonium
1251 1387 1285 1447 et
1314 1379 1518 1466 predictorum

413 1489 553 1556 fratrum
578 1490 739 1557 cautelam
764 1494 930 1572 presentes
956 1489 1086 1556 litteras
1111 1490 1158 1556 eis
1183 1488 1298 1554 exinde
1313 1487 1394 1569 fieri,
1412 1493 1442 1553 et
1455 1507 1519 1570 pen·

412 1595 566 1665 dentibus
582 1598 699 1679 sigillis
715 1598 835 1662 nostris
851 1597 954 1681 Regis
971 1603 1004 1663 et
1018 1596 1147 1680 Regiae
1161 1597 1315 1662 iussimus
1340 1595 1522 1662 communiri.

413 1702 538 1774 Datum
553 1701 695 1788 Neapoli
726 1703 864 1772 XXVI.
880 1703 1078 1770 Nouembris
1095 1703 1180 1770 XII.
1196 1702 1393 1768 indictionis.

520 1865 557 1931 (A
571 1867 709 1931 »Registri
722 1867 871 1932 ungium«
884 1871 926 1917 95.
939 1883 977 1918 sa.
1009 1868 1077 1932 Reg.
1098 1866 1196 1916 Karoli
1208 1865 1244 1918 11.
1258 1865 1317 1918 kur.
1335 1869 1393 1918 122.
1407 1864 1425 1915 l.
1436 1880 1442 1930 ς
1453 1877 1476 1914 ιι.
1487 1864 1521 1925 o.)

897 2011 1056 2032 μ-μ--τ--η

950 2198 1023 2260 170.

415 2357 463 2422 ΙΙ.
480 2359 606 2445 Kdroly
622 2357 751 2421 sicilici
766 2356 880 2442 kircily
895 2352 1015 2422 Suriae·
1040 2357 1135 2421 Pc‘ter
1160 2357 1192 2421 e's
1217 2357 1339 2422 Pellezo
1360 2356 1451 2420 Pe'tcr
1467 2375 1524 2415 nru-

545 2466 762 2551 pyarorszdyi
776 2469 912 2528 Μαιάδα
929 2465 1114 2550 tdrpya'buu
1129 2465 1324 2530 ictc‘alcedik.
1336 2466 1431 2530 1299.

524 2621 671 2706 Sriptum
687 2629 737 2689 est
753 2621 972 2688 Prothoutiuo
989 2623 1159 2706 Monopuli
1175 2623 1332 2689 familiari
1348 2645 1415 2688 suo.

525 2729 611 2813 Quia
626 2730 821 2813 significasti
851 2752 956 2814 nuper
985 2730 1088 2813 nobis,
1120 2732 1207 2815 quod
1237 2732 1348 2798 altera
1364 2730 1526 2814 galearum,

418 2858 501 2921 quas
517 2858 575 2920 per
593 2843 626 2901 te
642 2837 768 2920 pridem
784 2839 818 2902 in
833 2836 1013 2920 Monopulo
1038 2839 1161 2922 armarj
1179 2839 1415 2918 mandauimus,
1431 2835 1527 2902 estad

416 2945 638 3028 nauigandum
654 2949 772 3028 parata
788 2951 894 3027 gente,
910 2947 1064 3027 panatica
1096 2967 1135 3012 ac
1160 2947 1233 3032 alijs
1250 2947 1436 3031 oportunis:
1451 2943 1527 3009 volu·

416 3075 488 3120 mus
504 3059 537 3118 et
552 3051 706 3118 fidelitati
722 3059 777 3118 tue
794 3054 1008 3136 precipimus,
1032 3061 1067 3118 vt
1082 3056 1212 3137 galeam
1236 3057 1343 3138 ipsam
1368 3053 1465 3119 Petro
1494 3050 1528 3116 dc
1586 3128 1587 3147 ἒ

417 3158 524 3240 Suria,
540 3164 573 3224 et
589 3157 690 3224 Petro
708 3157 829 3225 Pilettc
847 3160 1005 3226 militibus
1022 3183 1081 3244 pro
1098 3163 1365 3227 eorumtransitn
1375 3161 1415 3226 ad
1430 3165 1528 3243 partes

415 3266 570 3348 Vngarie,
587 3263 630 3329 ad
646 3287 727 3348 quas
744 3287 799 3332 eos
814 3288 874 3350 pro
890 3268 1011 3333 nostris
1027 3271 1173 3352 seruitijs
1184 3269 1428 3353 presentialiter
1437 3266 1529 3332 micti·
1586 3260 1587 3321 Ῑ

415 3393 495 3456 mus,
510 3393 569 3438 nec
584 3393 650 3436 non
666 3373 809 3456 aliquam
824 3395 979 3457 magnam
1002 3375 1135 3440 barcam
1161 3377 1212 3442 vel
1238 3376 1320 3442 duas
1346 3374 1528 3442 sufficientes
1586 3370 1587 3373 ’

416 3501 476 3564 pro
492 3500 604 3546 eorum
619 3500 719 3563 vsque
736 3481 778 3545 ad
810 3482 915 3548 dictas
930 3489 1043 3566 partes
1069 3484 1266 3550 animalibus
1291 3481 1529 3550 transuehendis

416 3586 644 3654 conducendas
659 3608 718 3669 per
733 3593 767 3652 te
783 3588 823 3653 de
839 3592 977 3672 pecunia
994 3593 1186 3657 armetionis
1201 3590 1337 3658 alterius
1353 3592 1455 3674 galee,
1472 3595 1528 3654 sta·

416 3697 476 3760 tim
491 3695 645 3778 assignes,
661 3701 694 3759 et
708 3717 729 3760 a
744 3698 953 3778 reparatione
963 3721 1002 3763 ac
1012 3701 1194 3766 armatione
1203 3700 1343 3782 gallonis
1354 3697 1529 3773 Vestamm,

418 3822 513 3886 quern
543 3807 576 3867 te
606 3804 754 3885 reparari
784 3812 818 3869 et
849 3808 980 3885 armari,
1012 3829 1051 3871 ac
1082 3807 1177 3872 dictis
1202 3807 1365 3874 militibus
1382 3801 1528 3889 assignari

416 3916 590 3994 propterea
601 3909 765 3993 jussimus,
782 3933 877 3993 quem
894 3913 1023 3995 quidem
1040 3913 1201 3998 galionem
1227 3899 1274 3981 sic
1290 3914 1438 3981 celeriter
1453 3931 1531 3994 repa·

416 4017 487 4080 rari
503 4023 536 4081 et
552 4019 674 4082 armari
704 4037 770 4082 non
800 4039 895 4100 posse
927 4022 1097 4104 scripsisti,
1123 4024 1323 4106 presentium
1350 4023 1532 4089 auctoritate

419 4123 568 4188 desistas.
600 4123 781 4189 Residuam
812 4125 990 4209 pecuniam
1029 4132 1221 4197 armationis
1263 4131 1350 4196 dicte
1382 4132 1471 4214 galee
1498 4123 1533 4191 ad

420 4235 566 4295 nostram
582 4228 755 4296 Oameram
786 4235 1044 4301 transmissurus.
1070 4238 1195 4304 Datum
1220 4237 1366 4322 Neapoli
1404 4262 1461 4324 per
1473 4233 1532 4301 Ma-

418 4335 538 4418 gistros
555 4338 748 4405 Rationales
764 4345 825 4406 etc.
842 4341 895 4407 die
914 4338 996 4412 VII.
1022 4346 1213 4413 Decembris
1238 4345 1324 4412 XII.
1349 4343 1532 4412 indictionis

529 4497 565 4562 (Α
579 4499 720 4566 »Registri
735 4501 888 4568 Angioinir
904 4509 946 4556 95.
957 4521 993 4556 az.
1008 4505 1185 4570 Reg.Karoli
1204 4508 1240 4561 Π.
1259 4511 1348 4560 latitet.
1365 4501 1535 4572 104.1.;u0·l

907 4665 1065 4678 ,..-.------
