3244 5236
384 296 450 358 408
735 308 969 354 nrrnonnczmr
985 295 1155 352 encausti.

382 471 425 537 lis
450 471 587 550 devotio,
612 490 711 554 quam
736 468 889 535 continue
905 487 985 552 gero
1001 467 1043 534 ad
1058 465 1219 534 Ducalam
1236 465 1518 533 Excelsitudinem

385 585 537 660 vestram,
567 599 618 646 me
658 583 815 662 provocat
845 582 878 641 et
916 575 1045 660 inritat,
1078 574 1173 641 simul
1205 592 1278 642 cum
1308 573 1411 642 fratre
1440 596 1517 643 meo

385 687 515 756 Gemite
548 685 757 765 Budisclav0‚
790 691 958 769 tamquam
988 685 1056 750 reri
1087 685 1199 751 fideles
1230 689 1264 750 et
1292 685 1376 751 cives
1406 687 1519 766 vestri,

385 795 562 864 consistere
594 792 791 860 favorabiles
822 799 854 858 et
884 790 1070 860 defensores
1099 797 1282 859 vestrorum
1312 792 1457 862 fidelium
1482 795 1520 862 in

385 904 534 990 partibus
558 903 639 984 istis,
656 901 704 968 sio
719 909 752 968 et
767 903 889 982 taliter,
905 901 992 986 quod
1006 901 1124 968 merito
1142 907 1255 968 nostra
1271 901 1398 968 sincera
1412 901 1520 970 fideli·

385 1019 438 1080 tas
464 1013 586 1096 poterit
609 1007 822 1078 laudabiliter
853 1009 1084 1076 commendari
1115 1006 1198 1076 Cum
1222 1011 1333 1097 itaque
1348 997 1524 1096 Egregius¹

385 1121 435 1187 vir
460 1127 494 1186 et
518 1124 634 1204 potens
649 1118 799 1188 dominus
814 1117 949 1186 Marcus
964 1117 1164 1200 Poscereno,
1179 1118 1220 1184 de
1234 1123 1344 1184 restro
1359 1120 1521 1187 mandato

387 1226 505 1295 (lomes
531 1224 760 1306 Sibenicensis,
792 1224 888 1290 simul
913 1246 986 1292 cum
1009 1225 1035 1292 J
1038 1223 1186 1292 udicibus
1218 1225 1285 1291 suis
1310 1227 1523 1311 requisiverit

386 1358 446 1404 nos
471 1357 530 1420 per
548 1335 677 1400 litteras
707 1331 875 1418 speciales,
889 1336 923 1398 et
940 1333 1178 1418 subsequenter
1192 1334 1336 1401 volentes
1350 1334 1522 1402 nobiscum

386 1444 509 1511 habers
534 1442 721 1526 coloquium
742 1447 777 1508 et
785 1446 964 1508 tractatum
978 1440 1018 1508 de
1034 1441 1245 1508 rectificando
1262 1441 1421 1526 plurimas
1436 1444 1522 1511 iniu-

385 1553 454 1619 rias
481 1557 516 1618 et
539 1571 720 1635 pressuras,
739 1550 859 1618 damna
869 1551 998 1617 diversa
1013 1554 1047 1616 ct
1061 1551 1161 1631 uaria,
1177 1571 1240 1635 que
1255 1551 1404 1618 contime
1419 1571 1523 1635 passa

386 1664 436 1726 est
460 1664 494 1724 et
523 1657 677 1724 continue
707 1657 834 1742 patitur
864 1657 937 1741 ipsa
969 1655 1092 1723 Civitas
1123 1655 1341 1724 Sibeuicensis
1358 1677 1378 1722 a
1393 1657 1520 1723 circum

386 1767 614 1835 adiacentibus
645 1767 742 1832 malis
768 1765 962 1848 hominibus,
980 1767 1021 1834 de
1038 1766 1244 1852 beneplacito
1260 1773 1295 1832 at
1310 1767 1467 1834 mandato
1484 1771 1521 1832 et

386 1875 554 1942 voluntate
572 1875 653 1942 dicti
664 1873 938 1941 domini·00mitis
953 1881 1053 1960 atque
1069 1875 1213 1956 consilio,
1228 1896 1293 1941 non
1308 1877 1388 1942 moti
1404 1876 1523 1959 aliqua

386 2004 490 2070 parva
504 1983 647 2050 utilitate
661 1983 713 2049 rel
728 1983 848 2067 precio,
864 1981 923 2048 sed
938 1982 1095 2048 habentes
1111 1987 1294 2066 respectum
1310 1979 1354 2047 ad
1368 1981 1438 2062 illa,
1452 2005 1521 2068 que

387 2099 464 2160 sunt
482 2091 526 2158 ad
543 2090 775 2158 exaltationem
790 2091 895 2157 vestri
910 2090 1049 2157 nominis
1066 2096 1100 2156 et
1114 2090 1257 2171 honoris,
1272 2097 1306 2156 et
1323 2089 1523 2175 subsequen·

385 2205 437 2267 tar
476 2200 751 2284 compaciscentas
781 2197 849 2265 illia
882 2197 1087 2280 hominibus,
1118 2198 1175 2283 qui
1206 2198 1322 2264 vestris
1354 2200 1526 2284 preceptis
1605 2189 1609 2198 ’

387 2308 539 2376 continuo
560 2311 634 2374 sunt
643 2305 753 2392 pacati
770 2313 804 2372 et
819 2307 974 2391 prompti,
984 2306 1162 2391 presertim
1187 2305 1425 2374 communitati
1448 2308 1522 2373 iam

387 2417 484 2497 dicte,
498 2416 605 2500 ipsam
624 2410 800 2482 Civitatem
831 2418 865 2480 et
896 2412 1080 2498 singulares
1107 2414 1300 2499 provisimus
1325 2412 1527 2496 deffendere,

386 2526 600 2589 manutenere
624 2527 658 2589 et
682 2522 867 2607 gubernare
898 2544 971 2590 cum
1011 2523 1123 2590 eodem
1146 2521 1250 2588 fratre
1274 2527 1387 2588 nostro
1419 2523 1526 2592 dante

388 2630 483 2697 nobis
502 2631 733 2696 auctoritatem
758 2627 980 2714 planissimam
1004 2629 1073 2697 eiua
1097 2629 1316 2696 mediantibus
1340 2633 1527 2698 testimoni·
1619 2619 1620 2672 Ῐ

388 2739 495 2805 alibus
510 2737 632 2804 litteris
648 2737 738 2804 iuxta
754 2743 903 2804 nostram
933 2736 1196 2822 possibilitatem,
1226 2747 1258 2805 et
1282 2739 1413 2806 obviare
1442 2740 1528 2808 sini·
1619 2761 1621 2770 ·

387 2847 464 2912 stris
480 2852 513 2913 et
544 2846 618 2928 illis,
634 2847 690 2930 qui
706 2853 864 2914 conantur
895 2847 1085 2913 submittere
1117 2847 1246 2913 nomine
1261 2846 1528 2914 Excelsitudinis

386 2951 517 3036 Vestra,
547 2960 646 3040 prout
676 2954 763 3020 idem
793 2953 917 3021 domini
932 2950 1043 3021 Duces
1058 2962 1092 3022 et
1109 2953 1289 3022 Commune
1314 2956 1357 3023 ad
1371 2943 1529 3025 nostram

387 3060 629 3129 Excellenciam
658 3063 766 3127 mittet
795 3061 948 3128 nuncium
979 3067 1014 3129 ct
1036 3063 1167 3129 litteras
1193 3063 1349 3150 speciales
1367 3065 1530 3148 apposita

387 3166 537 3234 clausula
553 3189 593 3235 ex
608 3175 751 3252 utraque
766 3176 860 3253 parte
891 3169 936 3233 ad
965 3175 1066 3255 pacta
1096 3151 1139 3236 ad
1169 3171 1310 3237 inuicem
1341 3173 1531 3256 composita
1611 3190 1616 3199 ·

388 3276 706 3358 addendiminuendi
721 3282 755 3343 et
769 3276 966 3362 corrigendi,
982 3278 1067 3345 sicut
1081 3278 1219 3345 Ducalis
1230 3277 1441 3346 Excelsitudo
1458 3279 1532 3348 Ve-
1619 3329 1620 3360 2

388 3385 560 3452 stranobis
570 3384 719 3452 fidelibus
735 3387 854 3453 vestris
869 3387 1029 3471 precipiet
1044 3392 1077 3452 et
1094 3387 1281 3470 mandabit;
1297 3389 1437 3474 denique
1451 3409 1531 3470 nos,
1618 3471 1620 3492 ἵ

387 3496 518 3558 nostros
533 3491 647 3560 fideles
662 3499 771 3560 restra
786 3493 921 3577 benigra
952 3494 1062 3577 gratia
1086 3492 1209 3560 habere
1233 3494 1413 3579 dignemini
1437 3517 1531 3563 com-
1618 3497 1620 3500 ’

386 3599 566 3667 mandatos.
591 3597 759 3684 Scriptum
784 3597 936 3682 Sibenici²
951 3599 1005 3666 die
1022 3597 1091 3666 III.
1108 3598 1245 3686 Aprilis.
1618 3601 1620 3624 ⁴

493 3761 529 3824 (Δ
544 3759 648 3827 »copia
661 3761 695 3812 da
707 3761 948 3814 commemoriali«
963 3762 1054 3814 crimii
1068 3764 1209 3816 velancaei
1222 3764 1454 3831 allamkbnyrbol
1467 3767 1524 3818 111.
1617 3825 1619 3852 1

386 3851 444 3902 ibt
460 3855 518 3906 194.
532 3851 598 3918 lav.)
