3170 5234
550 407 647 475 1326.
1094 399 1156 465 241

44 573 204 657 dobaledt'
215 585 297 656 duas
313 611 373 674 pro
392 590 490 656 elteri
508 610 569 674 pro
584 591 709 655 tarenis
734 585 848 653 tribus.
882 583 1017 650 Certem
1033 583 1160 666 quenti-

43 704 137 764 tetem
152 697 355 794 uitriolorum
371 698 548 770 rubeorum
573 703 607 761 et
631 693 816 762 celestrium
831 691 983 778 ponderis
1001 691 1161 758 librarum

43 812 178 890 quatuor
194 789 255 894 pro
282 805 408 870 tarenis
424 809 574 888 quatuor.
605 803 681 870 sete
697 801 826 868 carmiei
843 805 946 867 etorte
962 798 1064 866 librae
1081 800 1162 866 duas

43 921 70 980 et
83 914 195 980 unciae
210 933 326 979 novem
341 911 534 994 inpendere
559 932 619 994 pro
644 911 747 977 unciis
779 909 906 976 duabus
921 915 1036 975 tareuo
1052 931 1113 976 vno
1130 916 1164 975 et

40 1023 146 1106 grania
160 1021 392 1104 septemdecim
407 1026 440 1085 et
465 1019 578 1085 madio.
597 1017 675 1085 Sota
691 1018 896 1084 diuersorum
911 1017 1057 1084 colorum
1076 1022 1164 1082 torte

41 1135 70 1194 et
83 1133 189 1194 storte
214 1128 299 1195 libre
324 1149 389 1193 vna
414 1134 447 1192 et
462 1131 553 1194 uncie
579 1146 696 1192 nouem
723 1127 758 1191 in
782 1124 927 1208 pondere
953 1145 1013 1208 pro
1039 1125 1164 1192 tarenis

41 1235 194 1302 tredecim
210 1237 321 1320 granio
337 1235 463 1302 duobus
479 1241 512 1301 et
535 1234 651 1302 medio.
681 1232 866 1300 Plactinam
881 1231 923 1297 de
938 1237 1076 1313 argento
1092 1229 1166 1297 sub-

43 1343 128 1409 tilem
145 1344 341 1411 deauratam
356 1343 523 1410 meierum
543 1350 617 1408 octo
633 1343 669 1408 in
692 1339 836 1425 pondere
851 1361 912 1424 pro
928 1340 1023 1406 rncia
1038 1361 1101 1407 vna
1116 1345 1166 1406 ta·

43 1451 122 1516 renis
138 1451 273 1518 duobus.
290 1450 477 1518 Plactinam
488 1471 637 1535 grossam
646 1449 687 1516 da
697 1455 836 1534 argente
852 1448 1047 1516 deauratam
1055 1447 1166 1513 uncie·

43 1579 106 1622 rum
121 1559 225 1623 trium
248 1545 283 1624 it
297 1557 403 1625 medie
427 1560 461 1624 in
487 1558 629 1642 pondere
654 1579 713 1641 pro
739 1557 863 1624 tarenis
889 1554 1119 1640 septemdecim
1135 1559 1168 1618 et

8 1719 9 1728 ,
43 1664 155 1731 medio.
170 1664 249 1732 Sata
265 1671 353 1732 torte
379 1671 411 1732 et
442 1673 546 1733 storto
571 1666 773 1732 diversorum
789 1660 1040 1752 colorumssibra
1056 1683 1119 1728 rna
1134 1667 1168 1727 et

44 1773 127 1838 recia
137 1779 207 1838 tres
216 1773 251 1837 in
261 1771 403 1856 pondere
412 1773 586 1840 extimatas
595 1773 724 1838 unciam
734 1793 831 1839 unam
840 1793 900 1856 pro
913 1771 1037 1838 tarenis
1048 1769 1166 1854 viginti

43 1887 189 1961 quatuor.
207 1877 349 1948 Coccum
374 1902 471 1948 vnum
502 1879 541 1948 de
566 1881 710 1947 voluetto
735 1889 814 1946 tene
829 1901 890 1964 pro
905 1881 1029 1946 tarenis
1045 1878 1166 1944 duode-

8 2007 10 2012 ·
43 1986 109 2052 cim
142 1985 334 2054 Plautinam
350 1988 389 2054 de
405 1993 542 2072 argento
559 1988 750 2054 deauratam
780 1988 947 2053 unciarum
979 1991 1104 2070 septem
1136 1987 1170 2051 in

8 2101 9 2150 I
44 2094 185 2174 pondere
217 2115 277 2180 pro
308 2096 406 2162 uncia
436 2117 499 2161 vna
522 2099 646 2162 tarenis
677 2095 827 2180 quinque.
853 2095 938 2162 Item
969 2094 1072 2162 Nerio
1105 2091 1170 2160 Ge-

8 2221 9 2276 ]
43 2203 129 2268 tardi
143 2205 222 2269 auri
245 2205 279 2270 in
303 2205 448 2291 pondere
473 2213 605 2272 tarenos
621 2205 733 2272 decem
758 2227 819 2290 pro
844 2207 967 2271 tarenis
999 2203 1171 2271 duodecim

8 2399 9 2402 Ἴ
45 2319 75 2376 ct
99 2314 217 2396 granis
248 2312 367 2378 decem.
418 2311 612 2396 Signeculos
643 2313 725 2379 duos
757 2313 797 2378 de
828 2319 965 2398 argento
996 2311 1171 2376 deauratos

45 2439 103 2501 pro
135 2427 254 2487 tarano
284 2443 355 2487 vno.
402 2421 555 2487 Pectines
586 2428 726 2506 quatuor
759 2422 799 2487 de
839 2420 938 2487 ebore
977 2441 1037 2504 pro
1077 2420 1170 2486 vncia

47 2547 114 2593 vna.
140 2527 314 2611 Laqueum
338 2550 439 2596 unum
463 2552 522 2615 pro
556 2530 681 2614 capello
714 2531 754 2596 de
786 2538 858 2595 seta
888 2527 999 2610 rubea,
1030 2532 1065 2596 et
1103 2549 1170 2593 cor·

8 2647 9 2686 2
48 2633 168 2702 dellam
199 2635 241 2701 de
270 2635 325 2702 filo
351 2639 395 2704 ad
419 2639 612 2722 cingendum
637 2659 696 2723 pro
736 2638 859 2705 tarenis
885 2639 1000 2705 tribus.
1026 2633 1169 2721 Specula

49 2744 113 2809 tria
129 2743 171 2807 de
187 2743 287 2842 eicere
304 2765 365 2828 pro
380 2746 506 2811 tarenis
522 2746 671 2812 sedecim.
704 2746 755 2812 De
772 2769 853 2813 auro
870 2754 904 2812 et
919 2750 1059 2830 argento
1076 2744 1169 2810 fileto

8 2853 10 2900 ἓ
48 2848 131 2916 libra
147 2873 213 2918 una
227 2853 321 2918 uncie
336 2853 483 2921 undecim
498 2855 533 2919 in
548 2853 692 2938 pondere
709 2876 770 2939 pro
796 2857 900 2921 unciis
917 2855 1069 2939 quinque.
1086 2851 1172 2920 Item

8 3011 9 3016 .
49 2955 390 3047 YveuettoJAngelico
399 2963 510 3045 pecias
521 2969 590 3029 tres
607 2964 858 3031 covertcriorum
875 2963 915 3028 de
932 2961 1097 3046 Cambray
1113 2982 1173 3044 pro

8 3117 9 3164 3
48 3067 149 3132 unciie
182 3073 334 3151 quatuor.
366 3067 482 3134 Pecias
508 3075 647 3154 quatuor
664 3072 919 3138 coverteriorum
949 3070 989 3136 de
1019 3070 1085 3135 limo
1115 3089 1176 3154 pro

48 3175 151 3240 unciis
168 3175 295 3241 duabus
311 3177 436 3242 tarenis
453 3177 634 3244 duodecim.
650 3177 767 3248 Pecias
795 3201 911 3245 nouem
928 3180 968 3245 de
987 3177 1109 3245 eisdem
1122 3196 1174 3241 co·

8 3297 10 3378 ζ
49 3282 200 3349 verteriis
217 3303 277 3366 pro
294 3284 419 3350 nunciis
435 3289 580 3368 quinque
596 3288 722 3352 tarenis
738 3286 917 3353 duodecim.
942 3285 1178 3371 Spiugularum

49 3389 190 3456 sedecim
216 3389 320 3455 millia
345 3411 406 3474 pro
421 3393 587 3459 unciavna
603 3394 728 3460 tarenis
746 3393 879 3460 duobus.
895 3391 1068 3459 Scrineum
1078 3415 1177 3459 unum

8 3525 10 3580 γ
48 3496 87 3563 de
104 3498 324 3565 coriobullito
334 3520 395 3583 pro
405 3503 530 3567 tarenis
540 3499 718 3568 duodecim.
731 3500 1091 3587 Spingulerumnouem
1106 3501 1177 3566 mil·

8 3663 10 3670 ,
48 3605 92 3670 lia
116 3627 181 3692 pro
197 3607 321 3674 tarenis
337 3607 527 3674 octodecim.
555 3606 721 3695 Ooppulas
731 3610 771 3675 dc
788 3610 893 3675 serico
909 3631 969 3694 pro
986 3608 1176 3674 mulieribus

8 3727 10 3788 }
47 3715 89 3781 ad
104 3716 241 3782 modum
259 3713 462 3784 Gallicorum
472 3718 644 3803 sexaginte
660 3741 715 3785 sex
730 3741 790 3803 pro
807 3721 929 3786 tarenis
954 3718 1070 3802 viginti
1087 3719 1180 3802 quin·

8 3823 10 3848 ³
49 3843 119 3904 que.
129 3822 251 3889 Paciae
268 3823 351 3890 duas
362 3825 620 3894 coverteriorum
631 3828 670 3893 de
686 3828 754 3894 lino
765 3828 1074 3895 extimatesvnciem
1084 3847 1180 3894 unam

8 3945 9 3998 ξ
50 3937 81 3996 ct
91 3937 230 3998 tarenos
240 3932 426 4016 quindecim
435 3955 496 4018 pro
506 3936 601 4000 uncia
619 3954 692 4001 una.
709 3936 795 4003 Item
804 3935 946 4002 Notario
956 3935 982 4001 J
983 3934 1104 4002 ohanni
1113 3955 1182 4000 car-

8 4071 10 4098 ;
49 4040 134 4122 pitae
168 4045 311 4123 quatuor
335 4040 376 4104 de
400 4039 479 4106 leue
509 4043 715 4126 scacginatas
733 4043 775 4108 ed
801 4065 893 4110 arma
909 4041 1037 4110 domine
1052 4041 1182 4125 Regina

49 4169 107 4232 pro
118 4147 226 4213 unciis
237 4147 375 4214 duabus.
387 4146 533 4215 Bancale
543 4172 640 4216 vnum
650 4157 823 4236 veyratum
833 4151 874 4216 de
890 4151 967 4218 lana
983 4151 1185 4234 proterariis

50 4255 322 4341 vigintiquatuor.
333 4255 440 4323 Ovum
449 4279 545 4326 vnum
556 4259 596 4324 de
607 4260 727 4326 etureio
744 4259 939 4326 extimatum
948 4265 1083 4327 tarenos
1101 4260 1183 4325 duos

8 4405 10 4426 2
48 4381 108 4448 pro
127 4369 247 4430 tereno
262 4386 336 4431 uno.
347 4365 574 4434 Cassiuectum
589 4389 686 4433 vnum
703 4368 742 4433 da
758 4369 847 4434 corio
862 4389 922 4452 pro
938 4373 1051 4432 tereno
1067 4388 1132 4433 uno
1150 4375 1184 4433 et

8 4491 11 4552 ζ
50 4477 168 4562 granis
194 4475 319 4542 decem.
353 4471 523 4541 Scrineum
548 4497 644 4541 vnum
667 4497 808 4559 paruum
823 4477 948 4559 pictum
974 4481 1008 4541 at
1023 4473 1183 4542 ferratum

8 4587 10 4594 ’
49 4606 109 4669 pro
136 4584 261 4651 tarenis
286 4583 405 4649 tribus.
429 4581 597 4651 Scrineum
623 4606 719 4650 vuum
745 4605 886 4666 paruum
912 4584 952 4649 de
968 4582 1186 4650 coriobullito

162 4719 226 4756 uer.
242 4721 305 4756 eurr.
323 4719 390 4756 urar.
409 4729 449 4738 -
467 4719 535 4756 acra
552 4721 611 4754 zur.
627 4721 645 4757 r.
1034 4696 1074 4756 16
