3222 5240
411 381 476 442 274
777 397 1011 443 DIPLOMACZIAI
1028 385 1194 442 aurnuns.

333 555 336 566 '
415 577 516 648 genus
533 562 564 620 et
580 552 767 620 Amelricus
785 555 824 621 de
842 555 991 636 Petouie,
1007 555 1195 620 Hodmarus
1212 553 1419 620 etMartinns
1430 549 1523 618 Stem-

414 685 517 744 sones,
547 663 762 728 Eberhardus
789 663 828 727 de
854 663 969 730 Walse
996 662 1036 727 de
1062 660 1276 743 Drozendorf,
1309 658 1464 728 Albertus
1490 657 1522 722 de

412 769 634 855 Ruhenstayn,
660 769 855 853 Rudolphus
880 779 912 836 et
928 769 1125 836 Chunradus
1152 769 1191 834 de
1209 767 1416 848 Pottendorl,
1439 766 1525 832 Hert-

412 877 507 942 nidus
527 885 559 941 et
575 875 770 959 Rudolphus
788 879 827 943 de
845 876 981 958 Stadek,
1008 878 1200 943 Fridericus
1217 877 1256 942 de
1274 874 1413 952 Sarnek,
1438 873 1525 939 Cholo

414 985 454 1048 de
472 982 707 1063 Seldeuhoven,
735 991 847 1050 nostro
873 985 1078 1050 etheredum
1095 985 1164 1049 siue
1180 1005 1401 1050 successorum
1417 987 1526 1046 nostro

413 1115 485 1157 rum
511 1091 694 1156 nominibus
720 1091 804 1157 dicto
830 1092 960 1158 domino
984 1091 1071 1174 Regi
1098 1091 1279 1174 Hungarie,
1311 1089 1478 1154 heredibus
1500 1093 1525 1148 et

417 1199 658 1264 successoribus
676 1199 751 1278 suiS,
768 1200 949 1282 Regnoque
965 1220 1033 1278 suu,
1049 1201 1172 1281 absque
1189 1203 1275 1264 omni
1291 1197 1417 1276 fraude,
1432 1194 1526 1276 nequi·

415 1307 466 1371 cia
491 1305 538 1370 sel
564 1305 702 1386 malicia,
729 1306 861 1388 sincere,
888 1306 1105 1373 effectualiter
1123 1312 1156 1369 et
1170 1305 1308 1371 firmiter
1325 1303 1526 1387 promisimus.

416 1435 454 1478 ac
480 1412 629 1477 similiter
653 1412 749 1477 tactis
775 1411 898 1478 Sancto
924 1413 985 1477 Dei
1012 1413 1201 1496 Euangelio
1227 1419 1259 1476 et
1284 1410 1412 1476 uiuifice
1427 1407 1527 1472 Crucis

416 1521 506 1602 liguo
523 1520 738 1604 corporaliter
752 1520 947 1603 jurauimuS,
972 1541 1031 1586 uos
1047 1523 1191 1586 facturos
1208 1527 1242 1585 et
1258 1525 1429 1584 curaturos
1444 1520 1488 1581 ita
1501 1520 1527 1578 et

417 1627 538 1710 taliter,
554 1627 641 1710 quod
658 1627 799 1712 predicti
815 1627 938 1693 domiui
948 1629 1136 1694 li'ridericus
1147 1628 1227 1710 Rex,
1244 1625 1406 1692 Albertus
1422 1631 1452 1690 et
1461 1622 1528 1688 Otto

417 1735 535 1813 Duces,
561 1756 738 1818 corumque
763 1734 898 1801 heredes
924 1737 1033 1802 omnia
1057 1745 1090 1801 ot
1116 1736 1244 1820 singula
1258 1731 1528 1818 predictaiacient

420 1849 453 1904 et
476 1841 712 1906 inuiolabiliter
738 1843 966 1908 obseruubunt.
1006 1842 1040 1908 si
1066 1849 1173 1907 autem
1190 1843 1349 1925 premissa
1365 1841 1417 1907 rel
1432 1839 1529 1920 alique

420 1949 651 2031 premissorum
667 1949 766 2032 ijdem
783 1949 856 2016 Rex
873 1950 1063 2016 Fridericus
1080 1957 1112 2016 et
1128 1951 1246 2033 Duces
1263 1971 1438 2032 eorumque
1453 1949 1530 2012 here·

421 2057 477 2120 des
495 2056 685 2121 uiolauerint
701 2058 750 2121 vel
768 2057 970 2141 infregerint,
987 2079 1044 2123 nos
1060 2065 1092 2123 et
1109 2058 1212 2122 nostri
1228 2056 1366 2122 heredes
1382 2057 1424 2121 ad
1439 2053 1530 2136 requi·

423 2163 578 2227 siciouem
595 2162 673 2227 dicti
689 2162 791 2245 Regis
807 2163 989 2247 Hungarie,
1006 2164 1226 2247 heredumque
1243 2185 1374 2228 suorum
1392 2164 1457 2228 siue
1472 2182 1530 2225 sue-

422 2292 596 2349 cessorum,
622 2292 696 2335 mox
721 2271 762 2336 ab
788 2271 952 2356 ohsequijs
978 2280 1011 2338 et
1032 2272 1220 2338 obediencia
1235 2272 1357 2336 eisdem
1373 2269 1532 2334 Frederico

422 2379 519 2462 Regi,
543 2376 684 2444 Alberto
710 2384 743 2443 et
760 2380 876 2446 Ottoui
892 2380 1047 2460 Ducibus
1072 2380 1311 2462 heredibusque
1335 2381 1476 2462 ipsorum
1491 2376 1533 2440 de·

422 2486 501 2550 bitis
528 2485 763 2569 separabimus
788 2492 821 2552 et
837 2508 909 2551 cum
925 2488 1036 2552 eodem
1054 2487 1144 2570 Rege
1161 2485 1333 2570 Hungarie
1350 2486 1476 2568 suisque
1489 2482 1534 2546 he·

426 2591 557 2657 redibus
574 2593 662 2676 ipsos
672 2594 877 2661 Fridericum
887 2597 1021 2677 Regem,
1038 2594 1213 2661 Albertum
1223 2602 1256 2661 et
1266 2594 1422 2663 Othonem
1432 2594 1535 2670 Duces,

425 2706 483 2764 aut
500 2722 607 2792 eorem
623 2702 759 2768 heredes
775 2704 901 2767 tamdiu
916 2702 1185 2785 impugnabimus,
1201 2703 1306 2768 donec
1322 2703 1420 2786 ijdem
1436 2701 1535 2768 Fride·

428 2808 514 2870 ricus
530 2807 610 2890 Rex,
628 2805 788 2874 Albertus
805 2817 836 2873 et
847 2810 928 2877 Otto
938 2808 1048 2874 Duces
1065 2831 1240 2892 eorumque
1255 2810 1392 2877 heredes
1408 2808 1537 2892 predicto

427 2914 512 2998 Regi
529 2916 710 2998 Hungarie,
736 2915 911 2984 heredibus
931 2940 988 2983 scu
1005 2918 1245 2985 successoribus
1262 2919 1328 2982 suis
1344 2917 1537 2994 satisfacient,

428 3031 484 3088 aut
508 3023 749 3090 concordabunt
774 3047 846 3090 cum
870 3026 999 3106 eisdem,
1031 3027 1072 3090 de
1098 3026 1297 3108 quibuslibet
1322 3027 1537 3108 premissorum

428 3130 574 3195 articulis
591 3153 653 3195 nou
672 3135 821 3197 seruatis.
855 3131 981 3198 sivero
999 3134 1110 3216 aliquo
1126 3156 1270 3216 uuquam
1281 3138 1429 3218 tempore
1439 3138 1538 3199 contra

429 3239 588 3322 premissa
613 3239 663 3302 uel
690 3239 802 3322 aliqua
828 3241 1059 3323 premissorum
1075 3240 1224 3325 predicta
1241 3247 1355 3307 nostra
1369 3244 1538 3326 juramenta
1581 3261 1582 3264 ¹

429 3345 581 3410 violando
607 3370 666 3411 nos
682 3349 732 3412 rel
750 3348 885 3415 heredes
901 3350 1081 3415 nostriani
1098 3369 1297 3414 successores
1313 3349 1480 3415 fecerimus
1493 3350 1540 3410 aut

428 3452 578 3535 fecerint;
595 3461 713 3520 extunc
723 3454 936 3522 Sacrosancte
946 3458 1088 3521 Romane
1098 3457 1245 3522 Ecclesie
1257 3453 1541 3540 SumpmusPonti·

430 3558 484 3624 fex
508 3582 567 3642 pro
596 3569 742 3644 tempore
776 3563 970 3628 constitutus
1002 3563 1044 3627 ad
1070 3564 1323 3644 requisicionem
1348 3564 1430 3630 dicti
1452 3559 1541 3644 Regis

433 3666 613 3749 Hungarie,
629 3669 826 3734 heredumue
844 3677 902 3734 aut
919 3691 1139 3735 successorum
1155 3692 1287 3738 suorum
1303 3671 1372 3736 siue
1387 3670 1490 3755 Regni
1502 3667 1542 3731 sui

434 3776 590 3840 exhibitis
607 3777 668 3843 sibi
684 3779 806 3843 uostris
822 3779 1029 3862 presentibus
1044 3778 1163 3844 litteris
1180 3779 1302 3844 habeat
1319 3779 1400 3860 Nos,
1418 3784 1543 3843 nostros

436 3904 497 3965 qne
515 3882 651 3949 heredes
669 3890 702 3948 et
718 3906 929 3966 successores,
946 3886 1002 3969 qui
1020 3892 1135 3951 contra
1151 3887 1313 3969 premissa
1328 3886 1493 3952 fecerimus
1502 3879 1542 3946 sel

435 3990 582 4070 fecerint,
598 3992 706 4057 facere
722 3993 881 4076 publicari
899 4000 931 4058 et
949 3994 1136 4059 denunciari
1154 3993 1301 4076 periuros
1318 4000 1351 4060 et
1361 3996 1498 4070 infamer,
1513 4008 1542 4054 uc
1581 4021 1582 4028 ¹

437 4101 782 4167 excommunicacionis
799 4103 979 4168 sentencias
995 4101 1028 4167 in
1045 4109 1184 4182 nostrae,
1210 4112 1457 4187 nostrorumque
1472 4101 1544 4167 here

436 4205 511 4272 dum
528 4215 560 4272 et
576 4230 797 4274 successorum
813 4232 979 4293 personas
996 4209 1103 4275 facere
1120 4211 1330 4294 promulgari.
1355 4213 1396 4276 In
1413 4211 1494 4277 cuius
1507 4201 1545 4268 rei

436 4315 659 4382 testimonium
676 4318 785 4402 sigillo
804 4325 918 4384 nostra
935 4319 1083 4383 duximus
1100 4319 1209 4383 tenori
1224 4322 1430 4402 presencium
1440 4319 1543 4382 littera
1580 4313 1582 4328 ²

437 4441 509 4484 rum
534 4422 637 4488 eciam
654 4425 855 4509 apponenda.
895 4425 928 4490 N
930 4448 967 4491 ec
982 4432 1092 4491 tamen
1109 4423 1179 4490 Nos
1197 4426 1384 4494 Fridericus
1400 4426 1476 4504 Rex,
1499 4417 1544 4484 Al·

438 4527 549 4594 bertus
575 4538 606 4595 et
631 4529 711 4597 Otto
737 4534 844 4598 Duces
870 4533 1008 4614 predicti
1035 4535 1096 4599 hoc
1121 4535 1402 4619 pretermittimus,
1427 4529 1502 4616 quod
1523 4522 1544 4586 si
1581 4513 1582 4582 s
