3174 5236
567 328 661 394 1291.
1140 319 1178 388 tt

17 533 22 547 ¹
72 522 165 601 preuio
188 519 315 584 Diuino
342 526 516 601 nostroque
541 516 686 602 presidio
713 555 754 564 ——
772 555 815 564 —
832 553 874 566 —-
892 525 1003 582 nostra
1019 541 1058 582 ex
1084 525 1180 601 parte

71 625 196 706 potentie
222 634 336 690 nostra
359 625 495 689 ‹lextera
520 625 759 708 comprimetur.
806 623 932 687 Datum
951 623 1100 690 Vicentie
1127 624 1179 688 die

70 731 159 796 XXI.
175 731 305 814 Aprilis
323 729 385 796 IV.
401 731 600 796 indictionis,

164 913 199 972 (Α
223 913 364 975 »Registri
383 912 533 976 Angioini«
555 913 583 960 G.
607 918 629 961 9.
650 927 687 967 sa.
708 915 772 976 Reg.
793 913 889 963 Karoli
910 914 931 960 Ι.
956 913 1098 962 littetebbl
1124 917 1182 962 143.

71 1001 137 1064 lev.;
154 1017 179 1050 u.
194 1007 230 1063 ο.)

597 1417 648 1476 9b

73 1572 264 1659 Froopepuu
283 1575 394 1660 Duym
411 1573 532 1658 septici
546 1575 631 1660 prof,
647 1577 679 1638 e's
695 1575 858 1638 Batonius
874 1575 1030 1639 Itodiszlo
1054 1573 1187 1640 Sicilia-

526 1681 598 1744 baa.
626 1681 719 1744 1291.

168 1856 334 1941 Scriptum
351 1865 400 1924 est
410 1857 434 1922 J
436 1861 621 1942 ustitiarijs,
638 1855 830 1942 Capitoneis
847 1859 1094 1925 etOfficialibns
1105 1859 1189 1944 alijs,

73 1983 198 2028 necnon
217 1971 249 2029 et
264 1971 429 2030 terrarum
445 1973 477 2030 ct
493 1966 681 2048 quorumnis
697 1965 840 2030 locorum
851 1966 1140 2045 Vniuersitatibm,
1157 1973 1189 2029 et

74 2071 208 2151 personis
224 2072 422 2154 specialibus
439 2071 683 2155 quibuscunque
698 2079 864 2154 presentes
879 2073 1010 2137 lictaras
1025 2073 1187 2154 inspectu·

75 2177 114 2239 ris
128 2176 274 2244 fidelibus
290 2182 365 2243 suis,

173 2285 254 2350 Cum
280 2287 340 2350 viri
366 2285 490 2350 nobiles
507 2283 654 2371 Doymus
671 2285 788 2350 (lomes
815 2284 854 2348 de
875 2283 999 2366 Veglia‚
1025 2292 1057 2348 st
1073 2283 1190 2348 Radis-

76 2388 160 2456 lauus
175 2389 338 2472 Babunio,
363 2390 467 2458 nostrii
494 2414 532 2457 ac
548 2393 673 2475 Regiae
699 2392 859 2456 consortis
883 2399 996 2456 nostre
1022 2391 1133 2456 fideles
1149 2389 1189 2453 de

78 2496 224 2580 lugaria,
241 2500 404 2564 venientes
415 2501 481 2568 iam
498 2499 539 2564 ad
555 2507 686 2583 portum
701 2498 928 2564 Manfrsdonie
947 2499 1128 2582 applicasse
1145 2496 1191 2560 di-

79 2611 191 2684 cuntur,
215 2606 331 2672 deindo
360 2629 393 2671 so
418 2605 460 2670 ad
475 2613 621 2672 nostram
637 2627 674 2671 ac
691 2604 833 2671 eiusdem
850 2606 978 2688 Regino
994 2605 1191 2689 presentiam

80 2711 236 2794 collaturi3
259 2713 411 2779 fidelitati
429 2721 536 2779 vestre
552 2715 750 2798 presentium
768 2721 880 2778 tenore
896 2714 1099 2794 mandamns,
1115 2733 1192 2796 qua-

78 2821 163 2882 tenns
178 2819 307 2884 eosdem
323 2820 466 2885 Comites
483 2828 650 2905 totamque
665 2821 823 2886 familiam
841 2826 873 2885 et
890 2820 1075 2884 comitiuam
1094 2839 1192 2898 suam,

80 2945 144 2988 cum
169 2927 362 2993 animalibus
379 2937 411 2992 et
436 2929 536 2994 rebus
566 2949 677 2993 eorum
694 2925 803 2992 venire
820 2928 862 2992 ad
879 2935 1025 2992 nostram
1041 2927 1192 3008 dictoque

83 3027 197 3114 Regina
212 3035 413 3118 presentiam
429 3035 530 3100 libere
546 3036 758 3118 permanetis,
775 3035 897 3098 nnllam
907 3034 988 3116 ipsis
999 3033 1033 3097 in
1045 3031 1190 3115 personis

8 3228 10 3231 v
81 3141 109 3198 et
131 3140 222 3205 rebus
248 3162 360 3206 eorum
386 3141 507 3208 inferre
533 3143 729 3226 presumatis
746 3142 907 3220 iniuriam,
933 3140 1118 3205 molestiam
1142 3137 1193 3202 vel

83 3243 232 3328 iniuriam,
258 3248 403 3332 quinimo
418 3249 574 3315 habentes
600 3273 655 3315 eos
671 3249 776 3314 nostri
791 3248 976 3313 dominatus
993 3247 1113 3312 intuitu
1129 3243 1196 3309 effi·

85 3351 194 3417 cacitor
219 3355 471 3436 commendator,
487 3363 519 3420 et
539 3363 717 3421 tractantes
733 3354 969 3420 honorabiliter
986 3354 1070 3418 sicut
1086 3354 1191 3432 decet,

86 3459 197 3522 curetis
223 3461 268 3525 eis
285 3461 329 3526 ad
345 3462 591 3544 requisitionem
609 3483 719 3526 eorum
735 3463 774 3526 de
787 3483 900 3526 securo
921 3459 1092 3541 conducta
1116 3460 1144 3523 si
1161 3465 1195 3523 et

83 3571 174 3643 prout
195 3566 346 3649 expedire
371 3566 544 3650 videbitur,
569 3568 743 3651 prouideri.
787 3567 911 3631 Datum
927 3567 1068 3649 Neapoli
1085 3589 1142 3649 per
1159 3564 1198 3630 B.

84 3666 121 3730 dc
137 3667 245 3753 Capua
261 3673 396 3739 militem
413 3681 472 3740 etc.
491 3675 543 3740 die
559 3671 620 3741 VI.
636 3675 729 3758 Junij
747 3672 808 3741 IV.
824 3673 1021 3739 indictionis.

831 3781 843 3804 .

184 3849 217 3916 (A
239 3854 378 3918 »Registri
398 3855 548 3919 Angioini‹
569 3855 600 3904 Β.
623 3859 682 3906 147.
702 3870 738 3910 oz.
758 3855 826 3918 Reg.
840 3853 937 3904 Karoli
950 3855 985 3903 H.
1000 3851 1144 3905 kbtatebbl
1158 3853 1199 3900 79.

0 3967 1 3981 i
85 3934 157 4000 lev.;
177 3954 200 3990 u.
213 3947 248 4006 o.)
