3222 5240
658 357 751 424 1327.
1211 363 1275 430 263

6 555 7 558 ’
114 533 207 604 niter
232 555 333 624 quam
357 538 490 608 diuisim
516 537 652 622 siugulis
677 537 771 624 pleno
787 537 911 607 iustitia
926 543 1133 624 nriuistr·ata;
1152 549 1257 616 atten-

113 647 234 714 dentes
262 667 402 734 quoque‚
427 648 532 732 ipsam
558 642 735 710 Ciuitotcm
760 642 890 728 Spalati
917 650 1069 731 periculis
1095 649 1261 720 escariis

5 781 6 784 ¹
113 753 369 820 aduersantium
394 751 662 836 oppressionibus
688 750 865 836 subiacere,
890 753 989 838 longa
1017 757 1205 824 iamdudum
1221 763 1256 824 et

5 859 7 920 ἓ
113 865 256 928 matura
281 859 516 928 deliberatione
537 857 721 944 prehabita,
736 858 931 925 unanimiter
948 868 981 930 et
997 865 1203 932 concorditer
1219 885 1260 935 ex

115 989 234 1034 eorum
260 966 365 1034 libera
389 971 423 1032 et
447 971 629 1050 spontanea
653 951 831 1048 voluntate,
857 971 927 1033 eta
944 970 1073 1054 seipsis
1090 972 1258 1057 cupientes

5 1087 7 1120 ἰ
113 1097 234 1142 eorum
261 1076 361 1142 saluti
381 1080 416 1141 et
430 1073 611 1158 tranquillo
629 1075 730 1140 statui
746 1073 885 1141 feliciter
899 1079 1086 1162 prouidere,
1102 1082 1255 1150 transmi-

112 1190 234 1250 serunt
259 1184 416 1254 Venetiae
440 1183 568 1252 nobiles
593 1187 626 1248 et
652 1183 811 1250 discretos
838 1185 925 1251 viros
945 1187 1093 1255 dominos
1109 1187 1259 1256 Domini-

5 1379 6 1382 *
110 1312 189 1357 cum
211 1292 344 1376 Lucuri,
372 1289 652 1358 Archidiaconum
669 1289 807 1374 Spoleti,
832 1297 866 1357 et
890 1290 1065 1362 Nicolaum
1091 1295 1259 1377 Teodouii,

112 1419 195 1465 suos
207 1399 406 1466 conciuesin
422 1398 674 1479 ambariatores,
690 1397 831 1466 sindicus
847 1405 882 1465 et
897 1409 1126 1486 procuratores
1142 1425 1255 1472 eorum

5 1501 6 1564 ξ
112 1506 309 1590 specialiter
339 1505 383 1572 ad
408 1504 635 1571 subiciendum
662 1511 695 1571 et
721 1505 979 1574 submittendum
1003 1509 1038 1575 iu
1062 1516 1257 1596 perpetuum
1503 1557 1506 1564 ·

113 1620 225 1681 totam
252 1611 439 1695 Ciuitatem,
459 1610 669 1693 Comitatum,
686 1611 972 1698 Commuuitatem,
989 1615 1248 1686 Vniversitatem

117 1722 283 1805 homines,
307 1719 505 1788 Districtum
531 1724 564 1787 et
588 1721 677 1788 bona
694 1721 803 1787 omnia
820 1719 977 1790 Ciuitatis
993 1723 1139 1790 eiusdem
1155 1725 1258 1794 fideli·

115 1831 193 1914 tati,
216 1828 378 1909 dominio,
403 1829 563 1912 regimini,
578 1827 774 1912 protectioni
791 1832 824 1893 et
841 1828 1031 1898 deffensioni
1048 1832 1171 1899 domini
1186 1833 1255 1902 Du-

117 1939 168 2003 cis
194 1943 229 2004 et
254 1935 443 2004 Communis
468 1934 691 2018 venetiarum,
718 1935 805 2000 sicut
819 1934 860 2001 de
877 1958 934 2004 suo
951 1937 1112 2005 sindicatu
1128 1945 1257 2008 constat

116 2043 255 2130 publico
281 2045 499 2110 instrumento
524 2041 622 2123 facto,
648 2049 682 2108 et
706 2043 828 2126 scripto
845 2064 904 2126 per
919 2065 1051 2112 manum
1067 2043 1252 2117 Alexandri

117 2153 143 2219 J
145 2151 288 2218 ohannis
298 2148 492 2218 Albertonis
510 2148 550 2216 de
574 2149 699 2234 Firmo,
713 2148 847 2216 Notarii
870 2149 1058 2218 Communis
1075 2151 1204 2237 Spoleti
1219 2155 1254 2220 iu

117 2249 305 2342 millesimo,
331 2265 365 2324 et
379 2257 559 2324 indictione
574 2257 774 2341 prescriptis,
791 2257 844 2324 die
860 2257 985 2325 decimo
1001 2264 1119 2344 quarto
1135 2261 1255 2330 mensis

5 2361 6 2364 '
117 2363 279 2451 Augusti,
290 2387 329 2433 ac
338 2365 482 2448 sigillato
493 2364 602 2447 sigillo
613 2386 706 2432 cereo
716 2364 872 2450 pendenti
883 2366 969 2433 dicto
986 2365 1140 2435 Ciuitatis
1150 2373 1183 2434 et
1192 2365 1254 2436 Co·

118 2475 270 2558 mitatus,
281 2474 475 2541 ouiustenor
485 2494 544 2557 per
554 2475 663 2540 omnia
678 2472 814 2539 inferius
830 2480 878 2539 est
892 2474 1051 2558 insertus;
1067 2474 1253 2560 supplican-

5 2581 7 2596 ‘
118 2586 172 2648 tes
198 2589 234 2649 et
257 2588 404 2667 petentes
420 2583 584 2648 instanter
599 2603 657 2665 per
674 2580 777 2647 dictos
794 2601 909 2650 eorum
923 2583 1074 2666 sindiccs‚
1089 2589 1122 2650 et
1137 2605 1253 2668 procu·

119 2697 261 2774 ratores,
271 2693 381 2758 omnia
396 2690 555 2776 premissa
570 2709 726 2774 generose
741 2711 800 2773 per
815 2689 921 2774 ipsum
938 2689 1104 2758 domiuum
1119 2691 1248 2762 Ducem

5 2877 6 2882 ἵ
120 2804 155 2864 ct
182 2795 360 2864 Commune
380 2798 593 2867 venetiarum
613 2796 786 2881 adimpleri
801 2803 833 2864 et
847 2798 929 2882 fieri,
945 2804 979 2864 et
994 2819 1048 2868 eos
1065 2801 1100 2865 iu
1115 2821 1251 2870 numero

5 2981 6 2984 Ἴ
118 2905 287 2972 ducebam
312 2905 457 2972 fidelium
482 2905 642 2988 agregari.
668 2903 879 2990 Quapropter
904 2906 1018 2972 audita
1037 2912 1070 2972 et
1084 2906 1252 2978 intellecta

5 3077 9 3088 ,
118 3035 181 3098 per
205 3018 422 3080 memoratum
445 3013 571 3079 Ducem
583 3035 656 3079 oum
675 3014 741 3080 suis
758 3011 910 3080 Consiliis
926 3013 1015 3080 fideli
1030 3019 1063 3080 et
1078 3035 1162 3097 pura
1178 3036 1251 3098 sup-

117 3120 298 3206 plicatione
323 3126 358 3188 et
381 3120 548 3189 oblatione
573 3121 791 3206 predictorum
816 3121 1013 3188 sindioorum
1038 3127 1072 3188 et
1095 3141 1250 3214 procura-

5 3283 6 3286 *
116 3234 229 3296 torum
239 3251 298 3314 per
308 3251 362 3297 eos
378 3229 526 3314 exposita
542 3237 575 3294 et
590 3235 735 3311 uenata,
752 3250 815 3314 que
832 3236 893 3314 est,
908 3250 941 3294 se
958 3229 1041 3296 velle
1058 3227 1249 3296 submittere

117 3337 223 3404 libere
238 3338 282 3404 ad
298 3338 498 3405 voluntatem
526 3343 559 3404 et
576 3336 818 3420 beneplacitum
841 3337 942 3422 ipsius
958 3336 1079 3404 domini
1095 3333 1201 3402 Ducis
1216 3342 1251 3403 et

119 3443 310 3511 Communis
335 3445 555 3528 venetiarum,
580 3464 620 3509 ac
635 3444 703 3510 alte
718 3450 751 3510 et
766 3444 861 3512 basse
877 3444 955 3526 fieri,
972 3445 1056 3512 sicut
1068 3442 1179 3528 placet
1193 3443 1249 3514 do-

118 3556 218 3621 minio
228 3554 423 3637 eorumdem,
433 3560 532 3638 atque
548 3553 636 3634 dare,
654 3551 802 3620 conferre
817 3559 851 3620 et
867 3553 1024 3622 subiicere
1040 3558 1144 3618 totam
1161 3549 1248 3621 Ciui-

116 3671 230 3747 tatem,
249 3661 533 3743 Commuuitatem,
550 3658 761 3744 Comitatum‚
777 3662 1037 3732 Vniuersitatem
1052 3661 1197 3728 homines
1213 3669 1248 3728 et

117 3771 202 3838 bona
212 3793 324 3839 eorum
339 3772 403 3855 ipsi
418 3771 548 3838 domino
564 3770 652 3838 Duci
667 3779 701 3838 et
718 3771 887 3839 Communi
903 3771 1175 3853 Venetiorum,ac
1190 3791 1247 3838 sue

116 3879 317 3960 deffensioni,
342 3879 493 3963 regimini
517 3885 551 3944 et
582 3880 787 3964 protectioni,
812 3879 945 3946 salvis
968 3877 1148 3945 iuribus
1172 3879 1246 3944 do-

112 3989 218 4054 mini
241 3989 379 4074 Regis
403 3987 656 4072 Hungarie,
680 4010 765 4072 que
788 3989 994 4068 haberet,
1027 3985 1094 4052 vel
1119 3985 1248 4054 debe.

111 4101 181 4162 ret
205 4095 373 4163 habere
396 4096 439 4160 in
473 4095 686 4162 Ciuitate
708 4097 1003 4180 predictact
1028 4092 1088 4161 hoo
1112 4115 1172 4178 pro
1197 4116 1247 4164 re·

111 4205 259 4270 uersutia
285 4203 408 4270 domini
432 4202 537 4270 Ducis
562 4211 595 4270 et
620 4203 808 4272 Communis
835 4203 1061 4286 venetiarum,
1087 4223 1126 4267 ac
1142 4201 1246 4268 salua·

111 4303 199 4378 tione
225 4317 259 4379 et
284 4313 368 4379 bono
394 4315 484 4380 statu
508 4312 611 4396 ipsius
628 4319 726 4399 terre,
757 4312 924 4379 hominum
950 4318 983 4377 et
1001 4308 1245 4378 Huiuersitatis

114 4420 272 4505 eiusdem,
296 4419 381 4488 sicut
395 4420 458 4488 hoc
475 4443 514 4486 ex
530 4421 726 4488 auctoritate
751 4421 813 4488 sibi
834 4419 962 4487 tradita
976 4419 1019 4486 ab
1036 4407 1238 4487 omnibus'su

111 4527 280 4614 predictis,
304 4535 338 4597 et
362 4535 518 4598 contenta
542 4531 576 4597 iu
599 4552 657 4598 suo
673 4530 771 4620 pleno
788 4529 951 4602 sindicatu
967 4528 1116 4622 predicto
1136 4526 1249 4616 faeere
