3244 5236
411 347 475 410 362
770 369 1002 414 ntruourcmnr
1018 354 1186 413 suntuna.

406 521 536 600 siarum,
562 523 754 608 Apostolice
789 526 886 593 Sedis
911 526 1057 612 Nuntijs‚
1082 528 1220 594 salutem
1246 533 1279 592 et
1305 527 1523 614 Apostolicam
1596 529 1598 574 ἶ

403 629 669 700 benedictionem.
680 633 854 718 Querelam
866 655 999 720 grauem
1008 656 1067 718 pro
1078 640 1173 718 parte
1183 634 1348 701 karissimi
1359 635 1524 701 inCliristo

404 729 462 804 filii
487 743 589 806 nostri
616 739 778 807 Kasimiri
802 743 906 826 Regis
930 740 1069 808 Pclonie
1094 741 1241 807 Illustris
1266 743 1299 808 in
1325 741 1524 809 Consistorio

405 869 515 914 coram
541 849 634 917 nobis
659 855 693 915 et
717 849 878 917 fratribus
904 850 1024 916 nostris
1040 851 1243 933 propositam
1259 849 1440 916 audiuimus
1456 871 1524 916 con·
1596 841 1598 928 ζ

405 958 570 1039 tinentem,
600 956 687 1042 quod
704 959 782 1025 olim
797 959 961 1044 Magister
977 965 1010 1025 et
1026 957 1146 1024 fratres
1162 957 1288 1023 Domus
1303 957 1408 1024 Beate
1422 958 1524 1026 Maria
1596 935 1598 960 ⁴

407 1063 690 1148 Thentonicorum,
715 1069 770 1152 qui
796 1074 875 1135 tunc
899 1074 995 1134 erant
1019 1069 1053 1133 in
1069 1065 1203 1133 Pruscie
1228 1067 1377 1150 partibus
1394 1087 1524 1133 commo·
1597 1135 1598 1142 ,

406 1179 527 1255 rantes,
552 1175 725 1242 nonnullus
750 1183 857 1242 terras
881 1181 916 1242 et
932 1174 1076 1242 dominia
1091 1175 1177 1241 infra
1193 1174 1344 1258 Regnum
1360 1195 1451 1241 snum
1467 1175 1523 1240 Po
1597 1215 1598 1220 κ

407 1281 492 1346 lania
509 1283 726 1366 consistentia,
741 1283 892 1350 videlicet
908 1281 1113 1349 Oulmensem
1129 1289 1162 1348 et
1174 1281 1377 1367 Pomeranie,
1402 1282 1525 1362 dudum,

407 1405 531 1454 necnon
558 1412 578 1456 a
602 1391 715 1474 paucis
741 1392 825 1456 citra
849 1391 1051 1474 temporibus
1067 1389 1229 1473 Magister
1249 1391 1304 1474 qui
1320 1397 1398 1456 tunc
1412 1398 1482 1456 erat
1495 1395 1524 1455 et

408 1497 526 1562 fratres
543 1497 627 1563 dicte
637 1497 773 1582 Domus,
789 1497 1099 1582 Vladislauiensem‚
1116 1497 1524 1579 B1·estensem,Dohriueu·
1596 1559 1598 1588 ,

408 1627 475 1670 sem
492 1603 826 1672 etMichalouiensem
842 1613 949 1671 terras
965 1606 1008 1672 ad
1017 1606 1144 1689 Regem
1160 1613 1192 1671 et
1207 1605 1448 1690 progenitorem
1462 1605 1525 1670 eius
1597 1679 1598 1684 γ

408 1710 448 1777 de
463 1712 537 1796 jure
554 1719 748 1795 spectantes,
763 1712 849 1778 infra
858 1712 1008 1798 Regnum
1024 1713 1131 1796 ipsum
1146 1713 1369 1790 consistentes,
1384 1734 1447 1778 nou
1463 1712 1525 1777 siue
1596 1741 1598 1762 2

410 1839 528 1900 magua
544 1826 654 1905 strage
666 1819 790 1886 Christi
806 1817 952 1886 fidelium
968 1827 1002 1884 et
1017 1821 1275 1886 concrematione
1292 1826 1420 1885 centum
1435 1817 1525 1884 eccle-

411 1928 532 1994 siarum
548 1929 599 1994 vel
615 1930 711 2010 circa,
728 1930 893 1995 hostiliter
907 1929 1107 2012 inusserunt,
1124 1935 1158 1994 et
1173 1950 1231 2012 per
1246 1928 1526 1994 violentiamoccu·

409 2042 540 2118 parunt,
564 2043 596 2102 et
621 2035 729 2103 adhuc
754 2038 793 2103 de
818 2037 906 2103 facto
932 2036 1080 2103 detinent
1105 2042 1280 2120 occupatas
1303 2037 1337 2100 in
1352 2038 1524 2100 animarum

410 2144 554 2227 ipsorum
570 2144 755 2228 perniciem,
770 2145 874 2227 ipsius
890 2144 1001 2229 Regis,
1017 2144 1060 2210 ad
1076 2163 1171 2228 quem
1187 2145 1314 2209 ratione
1331 2140 1410 2208 dicti
1426 2142 1525 2225 Regni
1597 2133 1598 2138 ¹

411 2251 460 2317 sui
478 2253 563 2318 dicte
579 2258 675 2332 terre,
690 2259 725 2318 vt
740 2253 950 2335 premittitur,
966 2258 1115 2338 spectare
1131 2257 1317 2331 noscuntur,
1335 2253 1419 2316 sicut
1434 2251 1524 2316 etiam

410 2379 468 2443 per
493 2360 688 2424 sententiam
703 2360 805 2426 latam
821 2381 918 2443 super
933 2359 1022 2426 dicta
1037 2365 1127 2425 terra
1144 2359 1338 2426 Pomeranie
1354 2379 1413 2443 per
1427 2363 1525 2423 certos
1597 2347 1598 2350 ¹

410 2463 435 2530 J
436 2466 545 2531 udices
570 2466 737 2551 delegatos
753 2488 813 2550 per
827 2467 931 2534 felicis
947 2465 1187 2534 recordacionis
1202 2467 1227 2532 J
1229 2465 1391 2532 ohannem
1408 2464 1523 2548 Papam
1597 2493 1598 2530 r

410 2573 536 2639 XXII.
552 2576 819 2658 predecessorum
835 2582 991 2659 nostrum,
1007 2575 1083 2641 dum
1094 2575 1200 2642 adhuc
1210 2571 1526 2660 ageretinhurnanis,

410 2690 443 2749 et
467 2683 656 2750 instantiam
682 2685 770 2750 clare
795 2689 949 2750 memorie
967 2684 1144 2750 Wladislai
1169 2684 1271 2769 Regis
1296 2683 1434 2749 Polonie
1457 2688 1526 2746 tunc

411 2791 548 2856 uiuentis
574 2793 729 2875 genitoris
745 2792 907 2859 Kasimiri
923 2793 1026 2876 Regis
1052 2792 1191 2878 predicti
1208 2792 1383 2876 deputatos
1399 2790 1440 2855 ab
1456 2787 1524 2853 olim

412 2898 533 2965 dicitur
557 2900 682 2985 liquido
707 2922 876 2986 apparere,
908 2923 947 2968 ac
972 2900 1052 2967 dicti
1067 2899 1185 2984 Regni,
1211 2899 1300 2981 quod
1325 2905 1375 2964 est
1390 2894 1525 2964 Ecclesia

410 3007 559 3074 Romane
583 3010 740 3092 censuale,
765 3009 917 3094 quodque
942 3015 1018 3096 post
1033 3009 1139 3075 Deum
1166 3008 1289 3074 nullum
1305 3013 1416 3091 preter
1431 3006 1525 3088 ipsam

410 3115 592 3182 Ecclesiam
608 3117 814 3201 recognoscit
831 3118 1032 3202 superiorem
1047 3116 1197 3200 interris,
1213 3133 1336 3180 necnon
1351 3121 1384 3178 et
1395 3112 1525 3178 eiusdem

413 3223 559 3288 Ecclesie
583 3223 740 3308 Romane,
772 3245 835 3306 que
860 3231 1033 3309 propterea
1059 3246 1165 3307 censu,
1192 3224 1247 3307 qui
1274 3222 1426 3287 denarius
1442 3216 1526 3283 Beati

409 3329 501 3395 Petri
521 3329 649 3413 dicitur,
674 3331 779 3397 eidem
794 3331 942 3398 Ecclesie
958 3333 991 3396 in
1007 3333 1078 3416 ipso
1094 3331 1211 3415 Regno
1227 3330 1339 3396 debito
1355 3323 1526 3410 multiplici·
1597 3385 1598 3396 ,

410 3444 462 3503 ter
488 3439 598 3504 existit
624 3439 829 3522 defraudata,
854 3461 955 3522 graue
981 3439 1198 3524 preiudicium
1225 3443 1328 3520 atque
1354 3434 1527 3519 dampnum.

411 3543 638 3629 Supplicatum
663 3547 763 3628 ¹igitur
788 3547 881 3613 nobis
897 3567 956 3631 pro
972 3553 1068 3630 parte
1084 3546 1164 3611 dicti
1180 3545 1295 3630 Regis,
1318 3549 1352 3608 vt
1367 3540 1527 3627 prouidere
1596 3527 1598 3538 ’

413 3674 509 3737 super
535 3654 599 3738 hijs
619 3655 659 3720 de
677 3661 839 3738 oportuno
856 3654 1001 3720 remedio
1019 3674 1216 3734 curaremus,
1241 3673 1300 3716 nos
1316 3650 1405 3734 apud
1423 3647 1528 3715 Sedem
1596 3677 1598 3744 f

409 3759 635 3843 Apostolicam
651 3759 823 3827 informari
833 3762 988 3840 volentes,
1004 3782 1046 3825 an
1057 3761 1220 3845 Magister
1230 3764 1264 3824 et
1273 3759 1392 3823 fratres
1401 3752 1528 3840 predicti

410 3889 506 3951 super
521 3869 684 3951 premissis
700 3867 836 3934 infamia
851 3869 1059 3949 laborarent3
1084 3868 1202 3934 dilecto
1218 3865 1286 3930 tilio
1305 3868 1418 3932 nostro
1434 3862 1524 3927 Petro
1597 3949 1598 3960 ἵ

407 3974 495 4040 tituli
522 3972 641 4040 Sancte
657 3973 817 4040 Praxedis
833 3975 1032 4056 Presbitero,
1059 3983 1091 4040 et
1116 3975 1200 4041 bone
1220 3971 1373 4039 memorie
1391 3968 1415 4036 J
1418 3966 1525 4036 ohanni

410 4081 527 4148 Sancti
544 4081 709 4148 Theodori
725 4083 873 4164 Diacouo
900 4090 977 4148 tunc
1002 4083 1136 4165 uiuenti,
1162 4079 1396 4147 cardinalibus
1415 4074 1528 4144 commi·
1597 4089 1598 4106 ¹

408 4191 510 4256 simus
536 4191 669 4258 oraculo
695 4191 767 4256 viue
783 4192 879 4273 vociS,
905 4199 939 4257 vt
964 4213 998 4257 se
1015 4214 1111 4276 super
1127 4189 1189 4256 hoc
1205 4188 1291 4274 apud
1309 4187 1420 4254 sedem
1435 4186 1528 4270 ipsam

412 4299 539 4380 plenius
564 4299 790 4380 informarent,
815 4300 973 4385 nobisque
989 4299 1160 4382 referrent,
1185 4319 1248 4381 que
1263 4319 1322 4382 per
1338 4291 1527 4362 informatio
1596 4347 1598 4418 ⁴

411 4425 485 4468 nem
501 4406 685 4502 huiusmodi
700 4407 880 4493 reperient3
906 4429 944 4472 ac
959 4407 1077 4474 deinde
1093 4427 1153 4490 per
1170 4428 1225 4472 eos
1243 4425 1339 4488 super
1356 4393 1526 4469 huiusmodi
1596 4421 1598 4442 ¹

413 4510 549 4578 infamia
565 4513 795 4582 informatione
815 4520 958 4600 recepta,
984 4514 1137 4598 dictoque
1152 4511 1308 4585 «Iohanne
1322 4505 1523 4594 postmodum,
