3222 5240
834 317 1069 371 hinricusczrnr
1086 299 1254 370 anebsan.

997 577 1071 640 324.

477 723 674 826 Unnepdlyes
684 741 836 826 eijepyade
847 739 971 818 Endre,
987 738 1105 804 Robert
1122 738 1249 824 Keroly
1263 760 1404 825 mappas·
1420 735 1569 826 strepet
1601 691 1603 790 i

462 846 527 929 fia,
550 848 582 910 e
610 847 781 928 Jouanea,
813 848 931 913 eoem
962 845 1093 910 securas
1123 845 1306 934 ree-oyem
1336 847 1484 932 emme
1514 847 1571 917 ee,
1602 847 1603 892 t

984 953 1080 1018 1333.

577 1111 741 1180 Robertus
752 1121 811 1180 etc
818 1111 1010 1180 senescallo
1021 1111 1209 1180 eorumdem
1225 1113 1448 1180 Comitatuum
1459 1112 1571 1178 Prouin-

469 1217 517 1287 cie
543 1228 576 1287 et
600 1218 839 1306 Forcalquerij,
855 1220 1064 1303 Consiliario,
1083 1219 1238 1286 familiari
1255 1227 1289 1286 et
1304 1219 1390 1286 fideli
1407 1228 1513 1288 nostro
1527 1225 1573 1283 etc

469 1325 559 1394 Scire
583 1335 617 1393 tc
641 1329 795 1410 volumus,
820 1328 909 1412 quod
934 1330 1021 1393 iuter
1040 1326 1259 1412 Spectabilem
1275 1326 1466 1394 Jobannam
1479 1325 1570 1393 Ducis·
1601 1323 1603 1398 i

466 1451 537 1498 sam
553 1430 713 1514 Calabrie,
729 1433 979 1518 primogenitam
1010 1433 1180 1501 benedicte
1196 1435 1350 1500 memorie
1366 1433 1476 1500 Caroli
1490 1433 1572 1498 Ducis
1601 1521 1603 1532 ,

468 1539 621 1608 Calabria
632 1543 738 1608 nostri
756 1541 963 1624 primogeniti
979 1546 1013 1607 et
1027 1538 1155 1624 Vicerij
1183 1539 1366 1625 Generalis,
1382 1549 1506 1625 neptem
1518 1560 1572 1604 nos
1602 1597 1603 1614 ,

467 1657 555 1716 tram
580 1649 791 1731 carissimam,
808 1655 841 1714 et
872 1646 1095 1732 spectabilem
1117 1648 1270 1733 juuenem
1284 1647 1457 1716 Andream
1486 1656 1572 1714 netum

468 1756 572 1824 incliti
596 1755 762 1841 Principis
787 1755 910 1822 domini
934 1755 1047 1822 Caroli
1073 1757 1217 1823 Illustris
1233 1757 1335 1842 Regis
1352 1757 1505 1841 Vngarie,
1518 1774 1572 1821 cun

468 1865 728 1931 solemnitatibus
775 1864 893 1930 debitis
940 1864 1106 1948 sponsalia
1146 1865 1187 1930 de
1211 1887 1296 1932 nouo
1321 1863 1392 1931 fore
1417 1870 1573 1931 contrecta

467 1969 609 2058 Propter
640 1993 702 2055 que
732 1979 801 2038 tam
831 1993 891 2056 pro
923 1973 1066 2038 aduentu
1098 1971 1141 2038 ad
1171 1980 1281 2057 partes
1328 1976 1409 2040 istas
1434 1973 1573 2038 dictorum

467 2080 591 2146 domini
615 2079 717 2163 Regis
744 2077 901 2162 Vngerie‚
926 2086 960 2145 et
974 2078 1044 2164 filij,
1060 2086 1159 2163 etque
1176 2081 1319 2164 plurium
1336 2080 1536 2148 Prelatornn
1548 2084 1573 2142 et
1601 2143 1603 2164 ,

466 2187 663 2272 Magnetum
673 2188 707 2252 iu
719 2207 831 2252 eornm
847 2187 1073 2253 accedens-ium
1090 2187 1252 2269 comibus,
1269 2210 1367 2272 quam
1384 2209 1442 2272 pro
1459 2187 1528 2271 alijs
1541 2181 1574 2250 ed
1602 2179 1603 2184 ’

465 2296 626 2378 premissa
643 2295 857 2378 apparatibus
867 2295 1037 2378 oportunis
1047 2316 1167 2379 magna
1177 2317 1394 2382 expensarum
1404 2315 1503 2361 onere
1516 2310 1574 2357 nos·
1602 2347 1603 2376 ς

465 2404 568 2468 cimur
593 2400 723 2485 subijse.
749 2398 972 2467 Actendentes
997 2402 1118 2486 itaque,
1143 2402 1232 2486 quod
1256 2404 1319 2489 ipsi
1335 2404 1490 2470 Johanne
1502 2399 1575 2483 nepti
1601 2385 1603 2416 ³

464 2516 574 2576 nostre
598 2531 657 2594 per
666 2510 813 2575 Berones
824 2516 856 2575 et
871 2509 1081 2594 feudatarios,
1095 2532 1134 2578 ac
1150 2508 1328 2578 Terrarum
1343 2508 1574 2598 liniuersitates¹

464 2639 522 2684 seu
540 2616 692 2701 syndicus
703 2624 736 2683 et
752 2625 985 2701 procuratores
1003 2619 1148 2701 ipsorum
1162 2640 1223 2703 pro
1239 2619 1296 2704 eis,
1311 2625 1468 2701 tanquam
1485 2635 1575 2684 succe

465 2725 555 2790 denti
581 2724 674 2792 uobis
700 2725 734 2789 in
760 2725 876 2809 Regno
904 2723 1025 2807 Sicilie,
1049 2747 1088 2792 ec
1105 2725 1320 2793 Comitatibus
1338 2723 1530 2809 supradictis
1551 2727 1575 2783 et
1601 2735 1603 2756 ²

464 2831 649 2917 erediterijs
672 2832 768 2898 bonis
783 2831 868 2917 alijs,
884 2831 936 2898 vbi
953 2853 992 2898 ex
1008 2833 1101 2899 nobis
1117 2833 1204 2899 filius
1221 2833 1384 2899 masculus
1401 2852 1466 2898 non
1482 2849 1575 2912 super·
1602 2831 1603 2864 ³

462 2939 515 3022 sit,
531 2938 678 3005 debitum
694 2938 863 3005 fidelitatis
880 2945 969 3005 certo
986 2940 1081 3007 modo
1099 2948 1148 3006 est
1164 2940 1339 3024 prestitum
1351 2941 1575 3025 juramentum}
1601 2901 1603 2966 i

461 3069 500 3112 ac
523 3047 655 3133 prouise
680 3052 864 3131 pensantes,
888 3046 975 3132 quod
1002 3069 1062 3131 per
1086 3049 1173 3132 ipsos
1188 3048 1302 3115 fideles
1319 3053 1452 3114 nostros
1469 3064 1572 3113 eorun-
1601 3027 1603 3104 i

459 3155 533 3225 dem
550 3154 774 3222 Comitetnum
789 3153 964 3220 Prouincie
981 3159 1014 3219 et
1030 3154 1257 3241 Foroalquerij
1276 3156 1450 3222 subuentio
1466 3149 1574 3235 locegij
1601 3109 1603 3214 i

459 3269 554 3335 nobis
569 3266 609 3331 de
631 3264 713 3350 jure,
728 3264 888 3331 dictorum
906 3265 1146 3349 sponsaliorum
1161 3265 1347 3332 occassione
1358 3276 1529 3330 seu'oausa
1542 3258 1573 3322 do
1602 3325 1603 3328 ,

457 3378 561 3456 betur,
578 3373 826 3444 subuentionem
843 3371 978 3438 eandem
988 3372 1022 3437 in
1038 3373 1223 3456 quantitate
1234 3373 1333 3439 solita
1348 3395 1409 3457 per
1424 3380 1458 3438 te
1473 3373 1507 3437 in
1520 3370 1573 3434 sin·

458 3483 542 3566 gulis
554 3484 658 3566 Teris,
674 3477 876 3548 Ciuitatibus
893 3485 927 3545 et
950 3479 1032 3546 locis
1042 3481 1203 3546 dictorum
1214 3477 1440 3547 Oomitetnum
1465 3473 1572 3561 imponi

457 3592 661 3660 decreuirnus
677 3596 709 3655 et
724 3587 835 3656 indici.
845 3588 891 3655 Et
899 3587 977 3654 licet
1001 3588 1130 3654 eosdem
1146 3588 1257 3654 fideles
1283 3595 1412 3654 nostros
1438 3588 1474 3651 in
1491 3584 1572 3650 solita

455 3699 616 3765 fidelitate
642 3704 675 3766 et
700 3696 871 3763 devotione
898 3702 1068 3763 manentes
1094 3695 1138 3762 ed
1163 3694 1380 3764 exhibendam
1399 3693 1572 3761 subuentio·

455 3830 529 3874 nem
554 3807 698 3887 eandem,
724 3827 786 3889 que
812 3827 870 3890 per
885 3804 960 3871 illos
975 3804 1068 3870 nobis
1084 3803 1214 3889 dejure
1230 3804 1376 3888 debetur,
1392 3808 1533 3890 promtcs
1547 3805 1572 3864 et

453 3915 621 3982 beniuolos
637 3914 775 3981 firmiter
792 3934 1012 3999 supponamus
1028 3933 1215 3981 occurrere:
1232 3919 1267 3980 vt
1282 3919 1394 3978 tamen
1409 3913 1471 3978 tibi
1487 3907 1572 3977 etsie

451 4025 531 4091 insit
556 4023 643 4090 circe
667 4023 733 4089 ista
758 4021 889 4088 maioris
915 4020 1142 4087 sollicitudinis
1170 4020 1340 4102 stimulus,
1366 4019 1521 4105 speciales
1536 4012 1570 4078 ad

451 4137 484 4196 te
508 4135 638 4198 nostros
662 4136 836 4214 propterea
861 4129 995 4196 nuncios
1021 4127 1224 4213 procidimus
1243 4128 1466 4195 destinandos
1482 4123 1571 4194 Volo·

451 4260 522 4305 mus
547 4241 669 4322 itaque,
693 4245 727 4305 et
742 4236 895 4304 fidelitati
911 4242 966 4302 tue
982 4239 1182 4323 presentium
1197 4242 1312 4304 tenore
1329 4236 1479 4306 districte
1494 4253 1569 4300 men·

453 4346 585 4413 damus:
603 4353 763 4430 quatenus
780 4345 892 4410 statim
907 4347 1046 4430 receptis
1063 4345 1277 4430 presentibus,
1293 4344 1478 4411 huiusmodi
1509 4339 1571 4408 sub·

453 4455 634 4522 uentionern
645 4454 764 4538 foeegij
782 4457 815 4520 in
826 4457 1013 4538 quantitate
1030 4453 1127 4522 solita
1143 4455 1176 4518 in
1193 4453 1349 4536 predictis
1363 4450 1565 4526 Ciuitatibus
