3222 5240
626 701 699 760 302.

102 860 252 924 Deceani
267 859 379 922 istacin
389 860 412 922 Ι
416 859 452 924 V.
468 859 551 922 Uror
566 859 651 922 ezerd
667 857 851 942 Icira‘lpnak
868 858 960 922 terete
977 882 996 921 α
1017 857 1231 924 veterasceido-

167 969 263 1052 pelaez
279 967 436 1031 Brivossu
453 967 577 1030 Mallos
592 966 845 1048 ruepkdrosodott
863 966 1015 1028 velenczei
1031 967 1164 1030 kalrudr

537 1075 681 1159 tlpyc'ben.
707 1077 802 1138 1332.

212 1251 323 1316 Litere
350 1249 508 1334 Stephani
523 1250 643 1316 Rascie
658 1249 761 1334 Regis
790 1250 834 1315 ad
849 1249 1062 1315 Francisoum
1076 1249 1231 1318 Dandulo

102 1357 230 1424 Ducem
247 1356 471 1424 Venetiarum.

213 1464 402 1550 Stephanus
418 1467 482 1532 Dei
509 1469 618 1550 gratia
640 1465 754 1533 Seruis
771 1466 844 1531 Rex
859 1465 979 1531 Inclito
1006 1472 1037 1530 ot
1054 1465 1232 1550 Magnifico

101 1573 172 1640 siro
200 1572 329 1639 domino
346 1575 521 1641 Francisco
537 1575 692 1640 Dandulo
720 1573 834 1640 eadem
851 1576 960 1656 gratia
976 1575 1062 1640 Duci
1080 1573 1233 1640 Venetia-

101 1703 177 1746 rum
204 1684 350 1764 proximo
378 1703 435 1748 suo
464 1685 630 1750 carissimo
648 1681 789 1748 salutem
804 1692 837 1748 et
852 1684 1017 1766 prosperis
1033 1683 1232 1748 successibus

101 1791 136 1852 iu
154 1787 298 1855 Domino
326 1791 471 1873 gloriari.
495 1791 614 1860 Vestra
630 1789 788 1857 Amicitia
813 1814 917 1876 nuper
942 1790 1123 1874 recepimus
1139 1813 1233 1873 quas·

101 1896 182 1960 dam
198 1897 337 1980 litteras,
356 1898 602 1965 derobatiouem
618 1907 651 1965 et
666 1899 848 1965 molestiam
863 1906 970 1964 vestro
986 1899 1075 1962 fideli
1092 1898 1232 1965 Nicolao

101 2004 268 2072 Briuossa
291 2008 326 2069 in
342 2008 446 2072 nostri
462 2007 566 2088 factas
582 2008 689 2090 Regni
706 2007 955 2090 Dist1·ictu‚por
972 2006 1145 2089 quemdam
1162 2027 1233 2070 nos-

99 2119 193 2177 trum
205 2109 378 2179 Vasallum
388 2113 512 2180 Sumau
523 2117 660 2181 nomine.
677 2113 804 2198 Quibus
815 2115 989 2198 diligenter
1005 2114 1126 2180 auditis
1142 2113 1233 2178 vobis

100 2219 259 2288 duximus
291 2223 567 2305 respondendum:
608 2223 703 2308 Quod
735 2224 899 2307 predictus
926 2223 1113 2287 Demetrius
1137 2219 1232 2286 nobis

101 2329 241 2395 effectus
267 2338 316 2396 est
332 2330 470 2412 rebellis,
495 2332 670 2397 absentans
688 2353 721 2396 so
738 2353 757 2395 a
773 2331 865 2397 uobis
881 2330 1042 2395 latitando
1059 2327 1233 2410 hincinde,

98 2443 206 2520 prout
231 2439 382 2520 poteritis
408 2440 530 2504 elarius
546 2439 725 2504 informari.
759 2439 826 2504 Sed
844 2461 941 2521 quam
958 2440 1053 2503 citius
1069 2439 1103 2502 iu
1120 2457 1234 2501 manus

97 2551 238 2612 nostras
255 2546 416 2628 inciderit,
442 2551 539 2630 prout
557 2549 660 2631 ipsius
677 2553 856 2630 exposcunt
872 2547 1031 2612 demerita
1047 2544 1234 2629 prauitatis,

97 2653 151 2718 vel
169 2653 197 2715 si
219 2651 262 2716 ad
278 2672 336 2718 nos
351 2652 424 2718 labe
440 2652 627 2719 rebellionis
644 2653 798 2736 deposita
808 2653 940 2719 devotos
951 2652 993 2716 ad
1003 2673 1063 2716 uos
1075 2653 1230 2717 direxerit

96 2761 253 2842 intuitus,
273 2767 379 2826 vestro
395 2760 482 2825 fideli
497 2761 644 2844 predicto
660 2762 789 2845 plenam
807 2759 1062 2826 satisfactionem
1078 2759 1118 2824 de
1134 2779 1229 2840 pecu·

97 2871 157 2934 uia
176 2875 211 2934 et
227 2870 323 2934 rebus
340 2869 402 2933 sibi
419 2870 535 2935 ablatis
550 2870 623 2935 fieri
641 2869 815 2950 iaciemus;
847 2877 880 2933 et
895 2868 1103 2932 nihilomiuus
1120 2866 1233 2930 modos

96 3001 138 3044 ac
168 2977 314 3042 remedia
339 2975 488 3042 adhiberi
504 2977 728 3042 mandabimus
741 2976 836 3060 juxta
852 2981 997 3039 nostrum
1014 2995 1110 3057 posse
1127 2980 1160 3036 et
1175 2973 1233 3035 sci-

97 3092 184 3164 tum,
212 3083 300 3167 quod
326 3083 381 3148 ille
407 3086 589 3166 iniquitatis
615 3085 764 3149 minister
780 3104 894 3148 manus
910 3081 1032 3147 Nostro
1048 3080 1234 3144 Maiestatis

96 3193 211 3276 Regie
238 3213 302 3255 non
329 3193 467 3272 euadat;
501 3194 547 3256 sic
573 3192 660 3275 quod
686 3196 792 3255 vester
816 3190 920 3255 fidelis
946 3189 1114 3272 prodictus
1131 3187 1234 3269 possit

96 3322 197 3366 suam
225 3297 382 3363 rehabere
408 3302 588 3382 pecuniam,
613 3307 647 3365 et
673 3321 726 3365 res
752 3320 871 3362 omnes.
897 3297 999 3361 Novit
1024 3297 1108 3360 onim
1135 3295 1235 3377 Daue,

97 3407 192 3492 quod
210 3406 253 3472 ob
271 3406 432 3491 affectum,
449 3431 544 3491 quem
561 3409 603 3472 ad
620 3407 899 3488 Magnificentiam
911 3403 1067 3472 Vestram
1084 3403 1234 3485 gerimus,

96 3517 227 3580 damna
238 3520 418 3580 vestrorum
428 3521 463 3579 vt
473 3515 670 3581 vasallorum
681 3521 867 3580 nostrorum
878 3513 1021 3576 fidolium
1032 3519 1232 3593 reputamus.

95 3625 196 3688 Data
214 3621 268 3686 dia
285 3622 330 3687 X.
347 3623 449 3688 Junii.

213 3807 249 3868 (Α
273 3805 373 3873 «copia
386 3807 418 3858 de
432 3805 675 3859 Commemoriali«
700 3807 791 3857 czimu
813 3807 951 3857 relenczei
966 3800 1221 3866 allamkouyvekbo

14 3955 16 3968 7
95 3904 149 3954 ΙΙΙ,
166 3905 227 3952 kar.
243 3903 302 3949 2³58.
317 3899 377 3960 lea,
392 3915 409 3946 a
421 3900 494 3949 bessi
509 3914 544 3948 cs.
561 3900 649 3948 titkos
663 3899 855 3961 leveltsirbau.)
