3222 5240
762 389 998 440 orrnonneznu
1015 378 1182 438 emersu.

943 718 1017 778 303.

411 875 527 940 Rodert
553 874 680 938 sicilici
706 874 887 956 airdlpnuk
913 874 1082 953 rendclcte,
1108 876 1189 960 boqy
1205 875 1332 960 Draqet
1348 875 1451 939 Jdnos
1464 897 1526 968 ntu-

439 983 656 1068 pyororszdpi
671 983 776 1046 occidor
791 982 920 1045 sicilici
936 981 1131 1046 birtolsdban
1147 982 1215 1045 leod
1232 981 1414 1046 vasallosas'
1430 981 1500 1046 nelei

732 1090 859 1174 atttseqer
867 1089 1093 1174 fopadjunulc.
1123 1092 1218 1153 1332.

520 1249 605 1312 Pro
629 1247 838 1313 Johannc
862 1247 1082 1332 Drngetti
1117 1245 1519 1314 ComitePalatino

514 1355 683 1420 Robertus
700 1360 758 1419 etc.
785 1352 966 1437 Capitaneo
985 1353 1137 1420 Ciuitatis
1154 1352 1283 1420 Auerse
1311 1355 1443 1438 eiusque
1458 1353 1525 1418 Dis-

409 1463 524 1526 trictus
541 1460 590 1526 vel
607 1463 677 1526 eius
693 1463 921 1527 locumtenenti
936 1461 1023 1526 fideli
1040 1483 1098 1527 suo
1116 1463 1264 1543 gratiam
1275 1465 1333 1526 etc.
1358 1462 1425 1527 Pro
1440 1468 1523 1544 parte

411 1568 436 1633 J
438 1567 577 1632 ohannis
594 1566 752 1649 Drugetti
768 1569 889 1634 Militis
906 1568 1053 1634 Palatini
1071 1565 1208 1634 Comitis
1224 1568 1331 1653 Regni
1340 1567 1481 1651 Vngarie
1495 1571 1522 1632 et

408 1675 432 1740 J
435 1674 539 1739 udicis
557 1673 778 1742 Cumanorum
794 1678 900 1742 fidelis
916 1679 1021 1744 nostri
1037 1677 1149 1743 dilecti
1165 1677 1226 1742 fuit
1242 1697 1345 1760 nuper
1362 1674 1523 1742 Maiestati

407 1781 440 1845 N
443 1789 532 1847 ostre
558 1785 719 1850 actentius
736 1784 964 1869 supplicatum,
991 1792 1026 1852 vt
1042 1807 1115 1850 curn
1130 1786 1155 1851 J
1157 1786 1240 1849 udex
1255 1783 1400 1849 Jacobus
1417 1783 1455 1848 de
1471 1778 1523 1844 Ca·

408 1890 470 1954 sali
488 1889 663 1958 Pascarole
678 1894 824 1976 partium
841 1893 996 1959 Ciuitatis
1012 1890 1142 1958 Auerse
1160 1892 1274 1977 suique
1290 1897 1433 1975 nepotes,
1448 1887 1522 1956 Vas·

408 1996 470 2060 sali
496 1999 561 2064 sint
576 2001 789 2084 supplicantis
805 2000 950 2067 eiusdem
965 2001 1093 2066 ratione
1109 1999 1200 2065 feudi
1217 2020 1273 2064 seu
1289 2001 1449 2066 bonorum
1463 1995 1520 2060 feu·

410 2103 542 2187 dalium,
569 2129 630 2188 que
655 2109 687 2172 in
706 2107 792 2174 dicto
810 2107 922 2175 Oasali
938 2130 959 2173 a
975 2105 1076 2174 Curia
1091 2114 1204 2174 nostra
1219 2113 1329 2172 tenere
1345 2105 1520 2183 dinoscitur,

411 2217 443 2275 ot
468 2220 618 2279 recusent
642 2221 763 2280 temere
789 2222 936 2300 prestare
953 2216 1013 2281 sibi
1031 2223 1269 2282 sacramentum
1284 2213 1521 2280 assecurationis

409 2318 526 2399 debite,
552 2325 587 2385 vt
601 2327 763 2401 tenentur,
789 2323 939 2406 compelli
959 2344 1012 2388 eos
1027 2324 1069 2388 ad
1085 2323 1320 2406 prestationem
1336 2317 1520 2386 sacramenti

407 2427 592 2493 huiusmodi
618 2429 729 2494 iubere
750 2449 807 2512 per
824 2435 956 2494 nostras
972 2430 1109 2494 licteras
1125 2429 1343 2513 dignaremur.
1384 2425 1520 2491 Ouiusin
1584 2475 1585 2480 1

407 2533 468 2597 hac
493 2541 588 2616 parte
615 2535 845 2618 supplicationi
870 2535 984 2601 deflexi
1010 2536 1162 2602 fidelitati
1187 2543 1242 2601 tue
1258 2535 1298 2600 de
1315 2541 1406 2600 certa
1422 2539 1521 2598 nostra

409 2642 543 2706 scientia
554 2644 753 2723 presentium
763 2651 876 2709 tenore
887 2645 1121 2710 commictimus
1133 2649 1165 2710 et
1175 2643 1366 2709 mandamus
1378 2661 1522 2728 expresse,

409 2756 569 2829 quatenus
586 2749 611 2813 si
629 2749 707 2814 dicti
724 2751 748 2813 J
750 2750 833 2815 udex
848 2752 872 2816 J
875 2751 995 2817 acubus
1014 2757 1045 2815 et
1061 2759 1195 2835 nepotes
1205 2749 1352 2818 Vassalli
1370 2758 1443 2816 sunt
1458 2771 1521 2833 sup·

408 2855 561 2937 plicantis
586 2858 738 2937 ciusdem,
766 2859 974 2940 ipsorumque
991 2867 1214 2927 antecessores
1231 2859 1319 2925 dicto
1336 2857 1520 2943 supplicanti

377 2985 394 3000 r
409 2963 457 3028 rel
482 2965 741 3030 antecessoribus
758 2965 826 3029 eius
843 2965 981 3030 dominis
998 2965 1086 3031 feudi
1102 2966 1221 3050 prefati
1238 2973 1386 3050 prestare
1403 2984 1519 3034 consue-

408 3079 527 3137 ucrunt
545 3077 578 3136 et
594 3073 846 3139 assecurationis
862 3075 1026 3157 preposite
1041 3073 1271 3156 juramentum,
1295 3095 1351 3139 eos
1368 3076 1473 3139 stetim
1486 3068 1521 3136 ad

404 3179 585 3261 jurandum
610 3187 644 3245 et
669 3180 919 3246 assecurationis
946 3180 1055 3246 debite
1088 3187 1291 3248 sacramenta
1322 3182 1519 3265 prestandum

406 3288 497 3351 iuxta
515 3310 605 3354 rsum
631 3297 663 3354 et
680 3286 944 3354 consuetudinem
963 3289 1072 3371 Regni
1090 3291 1196 3356 nostri
1213 3288 1325 3355 Sicilie
1342 3284 1520 3374 supplicanti

407 3395 546 3476 prefato,
572 3397 623 3460 vol
649 3397 719 3460 eius
746 3399 846 3481 uxori,
871 3402 928 3462 ant
947 3403 1037 3462 certo
1054 3418 1113 3463 suo
1129 3397 1336 3481 procuratori
1352 3396 1404 3462 vel
1420 3395 1518 3461 nuncio

405 3523 466 3585 pro
494 3504 624 3582 eodem3
651 3512 783 3588 recepto
818 3507 910 3589 prius
935 3511 1045 3571 tamen
1062 3505 1104 3570 ab
1121 3507 1168 3570 eis
1183 3526 1242 3589 pro
1259 3505 1351 3571 nobis
1368 3512 1399 3570 et
1415 3502 1517 3570 nostris

406 3611 581 3677 heredibus
608 3611 777 3678 fidelitatis
803 3613 898 3677 solito
921 3613 1107 3696 juramento
1134 3619 1209 3677 arta
1234 3620 1267 3677 et
1282 3611 1394 3677 debita
1410 3610 1517 3677 dissic

406 3721 505 3801 tione,
523 3740 589 3800 qua
606 3721 803 3799 conuenerit,
819 3720 1013 3803 compellere
1031 3722 1234 3803 presentium
1251 3721 1445 3785 auctoritate
1459 3735 1516 3801 pro·

407 3848 519 3906 eures3
552 3829 710 3894 mandans
735 3850 800 3892 non
817 3830 922 3894 minus
939 3835 972 3893 et
989 3828 1110 3894 faciens
1128 3827 1167 3892 de
1185 3827 1343 3908 omnibus,
1369 3824 1514 3908 inquibus
1571 3857 1573 3880 2

409 3940 557 3998 tenentur
583 3942 616 3999 et
632 3936 800 4015 debentur,
826 3935 953 4000 intendi
971 3933 1032 4000 sibi
1049 3957 1088 4001 ac
1103 3936 1202 4000 etiarn
1218 3933 1418 4017 responderi,
1434 3927 1515 3995 fideli·

407 4047 482 4132 tate
494 4049 614 4124 nostra,
640 4046 760 4108 nostris
778 4044 861 4127 alijs,
879 4051 910 4107 et
928 4043 1097 4110 cuiuslibet
1114 4043 1251 4107 alterius
1265 4042 1395 4125 juribus
1411 4053 1513 4120 semper

405 4149 513 4214 saluis.
538 4149 589 4215 De
606 4152 796 4216 executione
813 4174 890 4216 uero
906 4153 1107 4234 presentium
1124 4172 1196 4216 curn
1212 4149 1317 4216 forma
1334 4169 1443 4213 earum
1456 4141 1511 4208 lieri

405 4255 506 4320 iacies
533 4261 596 4324 tria
624 4259 756 4342 puplica
782 4261 963 4325 consimilia
988 4261 1215 4340 instrumenta,
1241 4278 1378 4340 quorum
1395 4248 1511 4319 ructibi

405 4373 532 4431 retento
543 4371 591 4432 tui
603 4370 764 4453 ratiocinij
778 4375 924 4454 tempore
934 4368 1217 4452 producendoalio
1227 4367 1315 4431 dieto
1328 4353 1510 4448 supplicanti,

406 4472 457 4534 vel
483 4478 613 4560 coniugi
641 4479 719 4542 eius.
746 4486 800 4541 :uit
820 4480 1026 4560 procuratori
1045 4499 1103 4543 seu,
1117 4476 1232 4538 nuncio
1249 4470 1385 4554 tradite,
1400 4468 1508 4533 tentum

407 4577 580 4661 Magistris
598 4584 829 4650 Rationalibus
848 4587 971 4666 Magne
989 4584 1110 4648 Nostro
1124 4581 1374 4666 (.¹urieNeapolj
1392 4573 1510 4643 residen-
