3170 5234
592 331 686 392 1326.
1134 328 1195 390 247

78 508 172 572 166116
187 503 314 573 duabus
330 510 364 570 et
379 502 504 570 tarenis
520 521 586 568 sex.
610 502 766 570 Alterum
793 525 924 588 pomum
942 503 982 569 (16
999 503 1116 570 mabra
1131 527 1199 570 mu·

77 618 174 682 nitum
204 617 244 683 (16
275 619 415 698 argento
446 634 505 698 616
531 614 624 680 16616
647 634 711 678 166
741 619 775 678 61
790 614 914 679 1616616
932 633 996 679 sex.
1014 611 1199 698 Corrigiam

78 746 169 789 vnum
199 725 239 790 (16
273 729 345 788 6616
376 721 454 788 alba
469 722 662 788 seminatam
686 721 730 787 ad
754 721 969 806 pappagallos
985 721 1144 788 munitam
1161 721 1201 785 (16

78 851 226 916 6616616
243 831 348 896 unciis
366 828 501 896 duabus.
526 830 668 896 Bursam
692 851 792 896 unam
818 829 945 896 (166616
971 828 1048 895 alba
1064 828 1106 896 ad
1122 852 1201 915 pap·

78 937 223 1024 pagellos
238 959 313 1004 eum
328 936 522 1004 buutonibus
548 939 587 1002 (16
603 938 704 1021 661116
721 936 829 1003 tribus
854 958 915 1020 pro
931 938 1055 1004 tarenis
1072 935 1201 1004 octode-

79 1048 147 1112 cim
162 1045 315 1126 Librum,
331 1047 365 1112 in
381 1065 444 1130 quo
461 1051 512 1110 est
527 1047 597 1112 1116
613 1043 726 1112 Sancti
737 1045 905 1112 Francisci
915 1047 949 1111 in
961 1045 1124 1112 Gallicum
1141 1067 1202 1128 pru

78 1154 197 1220 tarenis
214 1153 412 1237 quindecim.
430 1151 618 1219 Oamuclem
635 1175 740 1236 vnum,
755 1155 790 1218 16
806 1174 869 1236 quo
887 1157 938 1218 est
963 1173 1080 1238 ymago
1097 1151 1204 1218 Beate

7 1309 8 1316 1
78 1262 221 1346 Virginis
236 1261 381 1326 tenentis
395 1259 497 1326 filium
512 1260 547 1325 in
562 1260 716 1342 brachiis,
727 1261 854 1325 munita
870 1259 910 1324 de
926 1280 1006 1326 6616
1018 1283 1091 1326 cum
1101 1282 1204 1346 ysma.

78 1367 176 1435 taldis
192 1372 334 1450 quatuor
351 1374 384 1434 et
398 1367 522 1434 robinie
539 1374 698 1451 quatuor;
722 1372 756 1432 61
772 1389 810 1432 ex
827 1367 894 1432 6116
908 1373 1003 1450 66116
1020 1373 1070 1433 661
1084 1369 1203 1450 Agnus

79 1473 141 1540 Dei
156 1475 351 1560 ysmaltetus
383 1496 455 1540 eum
481 1494 582 1541 exous
606 1475 646 1542 (16
678 1477 780 1540 661166
810 1475 980 1558 61616616
996 1477 1203 1542 6661616616

79 1581 269 1666 quindecim
307 1581 512 1647 Ycunectam
543 1601 640 1648 16661
665 1582 839 1667 (16166616,
865 1584 899 1647 in
924 1603 990 1668 qua
1015 1589 1067 1647 est
1081 1583 1205 1668 ystoria

83 1690 315 1772 assumptionis
331 1688 436 1755 Beate
450 1688 599 1774 Virginis
616 1711 687 1757 eum
704 1711 807 1756 exona
823 1711 883 1754 sua
899 1687 939 1755 de
956 1691 1060 1756 serico
1075 1711 1135 1775 pro
1151 1713 1205 1756 16-

7 1859 8 1862 ,
83 1802 219 1866 616166.
236 1795 383 1863 Α661616
400 1797 440 1862 (16
465 1804 602 1883 argento
619 1798 814 1864 deauratum
831 1819 904 1864 uum
914 1797 1033 1882 laqueo
1046 1798 1086 1864 (16
1103 1800 1205 1864 661166

81 1907 281 1992 6161616616
298 1907 449 1989 quinque.
475 1905 546 1974 Vas
573 1927 670 1972 vnum
698 1906 738 1971 de
769 1912 906 1989 argento
923 1905 1116 1972 deauratum
1133 1931 1205 1973 cum

7 1995 8 2066 f
78 2015 177 2099 perlis
194 2020 228 2079 et
243 2011 418 2097 lapidibus,
433 2013 468 2078 in
484 2035 548 2098 quo
575 2021 626 2080 661
651 2014 761 2099 661616
785 2014 895 2080 valens
922 2013 966 2079 ad
980 2013 1206 2080 infirmitatem

81 2123 247 2190 oculorum
262 2141 323 2206 616
339 2122 464 2187 1616616
495 2121 672 2188 duodecim.
700 2121 793 2188 Duas
819 2122 1039 2204 16116661166,
1055 2144 1150 2190 vnum
1166 2123 1207 2188 (16

7 2219 8 2224 ¹
82 2235 218 2314 argento
235 2235 269 2294 et
285 2229 421 2295 alteram
437 2230 478 2295 de
495 2251 574 2296 auro
591 2231 848 2316 61616616166.
865 2229 998 2315 Agnum
1012 2232 1052 2298 de
1069 2237 1206 2316 argento

80 2341 275 2404 deauratum
292 2343 326 2402 61
341 2337 531 2404 6661161616
548 2359 620 2404 cum
636 2339 787 2423 ymagine
804 2336 957 2404 Crucifixi
968 2337 1010 2403 ab
1025 2359 1089 2404 166
1105 2346 1209 2422 66116,

7 2451 9 2530 j
83 2451 117 2509 61
131 2445 238 2512 Β6616
263 2446 413 2530 Virginis
445 2447 487 2512 ab
517 2447 593 2532 alis,
624 2468 697 2512 6616
722 2445 877 2513 bursade
894 2448 997 2512 661166
1014 2451 1154 2529 616616,
1172 2455 1205 2514 61

7 2553 9 2630 f
86 2551 227 2618 buetone
245 2553 285 2618 de
300 2555 401 2637 perlis
417 2555 675 2638 61666616166
691 2553 910 2621 Bossidellam
926 2576 1022 2621 vnam
1038 2555 1078 2621 de
1095 2555 1210 2622 ambra

84 2661 284 2743 6161616616
301 2681 365 2726 sex.
391 2659 550 2728 Zeffirum
582 2682 679 2725 vnum
710 2661 923 2744 perforatum,
949 2664 1004 2747 qui
1036 2664 1210 2730 estimatus

81 2769 214 2851 ponitur
244 2769 354 2834 166166
386 2789 451 2851 sex,
483 2769 640 2834 donatum
672 2789 731 2853 per
765 2769 932 2835 dominum
963 2768 1090 2837 Ducem
1106 2773 1210 2852 nobis,

82 2875 317 2942 Bartholomeo
349 2876 389 2942 de
420 2877 536 2961 Capua
565 2879 743 2962 61616616
772 2901 847 2944 una.
864 2879 951 2945 Item
966 2878 1154 2962 Philipocto
1170 2881 1211 2946 de

8 2969 9 2972 ¹
82 2982 242 3051 Nantolio
257 2984 445 3050 sambucam
460 3006 557 3050 unam
573 3007 645 3051 uum
656 2987 851 3052 anezoneriis
861 2987 900 3052 de
910 2991 1057 3072 argento,
1067 2990 1211 3072 streugis

83 3091 189 3156 tribus
207 3091 248 3157 de
264 3097 412 3176 argent0,
427 3091 520 3158 freno
537 3093 577 3157 (16
603 3099 748 3176 argento,
766 3114 839 3159 eum
865 3095 1042 3159 munitione
1057 3095 1160 3159 lureni
1178 3101 1213 3159 et

84 3199 263 3283 pectoralis
280 3198 319 3265 de
335 3206 473 3284 argento
490 3201 658 3280 deaurato,
684 3201 837 3268 66611616
854 3202 897 3267 sd
913 3223 1006 3268 arma
1021 3201 1161 3268 Francis
1179 3209 1211 3268 et

83 3304 233 3391 Vagarie
257 3307 391 3373 tessutis
416 3307 456 3373 de
481 3315 550 3372 6616
575 3307 676 3374 rubea
703 3311 845 3391 66661116
876 3329 935 3392 661
950 3316 1056 3375 totum
1074 3319 1212 3392 argento

83 3419 194 3481 116666
210 3421 243 3480 61
258 3412 411 3481 laborato
427 3416 471 3482 ad
488 3421 643 3499 punctum
668 3417 830 3483 novellum
856 3440 915 3501 pro
932 3419 1021 3485 (11616
1051 3419 1165 3485 161666
1182 3425 1213 3484 61

83 3521 242 3606 pectorali
257 3544 330 3588 cum
346 3525 515 3590 streneriis
531 3524 571 3590 de
587 3525 689 3590 serino
706 3525 781 3591 albo
798 3525 975 3610 dyasprato
992 3549 1064 3592 aum
1081 3528 1212 3593 anicula

83 3652 144 3696 166
160 3630 203 3696 (16
220 3638 357 3714 argento
374 3633 551 3716 ysmaltatu
578 3653 637 3716 pru
663 3633 764 3698 166116
789 3634 928 3717 triginta
946 3635 1098 3718 quinque.
1115 3634 1213 3700 Zeffi-

84 3759 136 3804 166
154 3736 261 3803 nudos
277 3744 351 3805 6616
367 3760 427 3822 616
444 3739 545 3807 166116
561 3741 687 3824 viginti.
705 3737 834 3832 Anulus
851 3740 934 3806 (1666
952 3742 992 3808 (16
1009 3763 1099 3826 6616,
1118 3763 1213 3808 vnum

8 3839 9 3894 Ϊ
84 3845 432 3930 666166161661666,
456 3851 487 3912 61
516 3847 617 3913 elium
633 3846 882 3914 Saraeiniseum.
910 3846 1098 3915 0616661661
1114 3871 1212 3916 vnum

83 3952 245 4017 inclusum
261 3953 296 4016 in
313 3973 393 4018 auro
410 3973 471 4036 pro
487 3955 587 4020 166116
613 3954 729 4021 tribus.
761 3955 902 4021 Tessuta
928 3957 991 4023 duo
1019 3957 1155 4024 (166616
1173 3958 1214 4023 de

81 4057 214 4125 bisectis
231 4079 292 4142 616
309 4059 490 4126 16616166.
507 4061 636 4128 Α661ο6
669 4063 750 4128 duos
767 4063 807 4128 de
823 4085 905 4128 6616
923 4085 994 4130 6616
1011 4065 1213 4132 (6111611616-

83 4166 126 4231 116
142 4166 250 4250 nigris
276 4167 423 4234 valentes
456 4170 499 4236 ad
531 4171 675 4238 dolorem
708 4173 857 4256 ylianum.
889 4172 1034 4240 Anulum
1060 4176 1215 4242 16166116

84 4294 162 4340 auru
179 4294 253 4339 cum
270 4295 333 4341 166
349 4276 456 4360 lapide
474 4278 573 4343 rubeo
590 4279 727 4345 cornelii
743 4287 775 4346 et
801 4281 990 4364 calcidonii3
1023 4284 1155 4352 anulum
1173 4284 1214 4349 de

85 4388 221 4466 argento
237 4404 343 4462 vnum,
354 4384 388 4450 in
399 4407 463 4469 quo
474 4391 524 4452 661
534 4386 666 4471 quidam
676 4386 760 4472 lapis
771 4391 873 4475 niger,
884 4391 918 4455 in
929 4412 993 4473 quo
1009 4395 1059 4456 est
1075 4392 1217 4476 6661616-

88 4492 237 4556 1666166
253 4490 394 4558 hominis
410 4493 498 4562 nudi.
529 4495 671 4561 Bursam
696 4519 792 4562 unam
809 4519 946 4581 paruum
971 4499 1157 4566 laboratam
1174 4500 1216 4567 ed
