3170 5234
560 422 653 489 1321.
1102 419 1163 485 nul

42 606 166 680 condam
181 605 302 689 Bercii,
318 611 518 690 congregato
544 601 668 670 Maiori
688 607 721 666 et
741 596 897 666 Generali
915 597 1061 666 Consilio
1079 596 1166 664 Ciui-

41 721 111 787 tatis
129 717 289 786 Sibinichi
299 715 333 780 in
349 714 477 798 palacio
494 710 682 779 Communis
698 729 775 774 voce
791 711 948 794 preconia
963 729 1053 775 more
1069 706 1166 774 solito

42 847 97 912 per
123 826 327 912 supradictos
357 822 505 887 dominos
536 815 696 884 Consules
733 815 923 902 Bogdsnus,
951 814 1169 896 Redoslarus,

43 935 229 1002 Pnancisons
248 940 281 999 et
302 930 462 1010 Marinus,
478 927 675 994 auctoritate
691 927 737 991 eis
753 945 906 990 concessa
922 945 942 988 a
958 923 1046 990 dicto
1064 921 1169 989 Gene-

42 1043 99 1108 rali
122 1040 269 1108 Consilio
295 1061 333 1105 ac
358 1038 508 1102 universo
533 1035 654 1120 populo
681 1031 834 1099 Ciuitatis
851 1029 1008 1117 predicto,
1025 1053 1085 1098 nec
1102 1051 1168 1096 non

44 1150 80 1216 de
99 1169 253 1234 expresso
273 1168 406 1214 assensu
424 1152 457 1210 et
473 1145 642 1212 voluntate
658 1145 764 1209 tocius
781 1140 861 1207 dicti
878 1139 1027 1222 Consilii,
1043 1142 1169 1206 nominc

45 1259 251 1342 discrepante,
276 1256 310 1321 in
336 1274 400 1338 quo
417 1250 563 1319 Consilio
587 1252 727 1318 ficerunt
744 1246 935 1316 Consiliarii
960 1249 1171 1335 septuaginta

47 1374 169 1450 septem,
196 1364 352 1444 fecerunt,
378 1363 628 1443 constituerunt,
653 1364 848 1425 creauerunt
876 1366 910 1424 et
935 1357 1171 1424 ordinauerunt

44 1475 107 1540 loco
132 1474 181 1540 sui
208 1493 247 1538 ac
262 1473 331 1538 rice
347 1475 380 1536 et
399 1471 529 1534 nominc
549 1467 738 1533 Communis
753 1466 840 1532 dicte
856 1461 1012 1531 Ciuitatis
1027 1463 1170 1530 nobilem

45 1582 140 1646 virum
165 1579 335 1646 dominum
359 1577 556 1659 Bogdanum
582 1573 719 1641 condam
747 1572 890 1653 Dessini,
929 1567 1105 1639 Consulem
1122 1595 1172 1639 su·

45 1689 265 1772 prescriptum,
274 1690 458 1772 presentem
477 1691 511 1751 et
529 1689 642 1768 sponte
663 1682 856 1748 mandatum
872 1681 1102 1766 suscipientem
1118 1701 1174 1750 eo.

46 1816 111 1861 rum
125 1802 157 1861 et
166 1796 248 1861 dicti
259 1791 448 1860 Communis
465 1789 643 1874 Sindicum,
660 1791 937 1874 Procuratorem,
955 1797 1107 1873 notorem,
1125 1789 1178 1856 lac

1 1943 2 1972 i
48 1908 145 1969 torem
171 1926 210 1970 ac
235 1909 362 1968 certum
386 1903 540 1968 nuncium
564 1883 739 1984 specialem
765 1906 798 1964 et
813 1899 1007 1984 generalem,
1023 1921 1079 1966 seu
1095 1921 1173 1984 quo·

50 2032 181 2096 cumque
206 2011 274 2079 alio
290 2011 419 2077 nomine
434 2009 550 2077 melius
565 2010 630 2075 dici
646 2015 680 2074 et
696 2010 822 2076 censeri
838 2015 957 2094 potest,
974 2009 1175 2076 adeundum

1 2109 14 2156 r'
49 2115 212 2202 Venetiae,
231 2123 264 2183 et
277 2117 399 2184 ibidem
414 2139 486 2182 oum
502 2115 688 2202 Magnifico,
704 2115 832 2181 illustri
848 2120 881 2181 et
898 2117 1026 2199 potenti
1043 2115 1174 2182 domino

1 2278 2 2322 ᾗ
50 2226 173 2292 domino
197 2225 291 2291 Duce
313 2223 532 2292 Veneciarum
548 2245 606 2290 seu
621 2219 800 2290 Commune
817 2230 874 2292 aut
888 2246 1092 2309 quacumque
1107 2224 1175 2290 alia

50 2354 183 2416 persona
202 2333 333 2417 abipso
350 2329 481 2399 domino
502 2333 596 2398 Duce
612 2354 669 2400 seu
686 2330 862 2399 Commune
877 2332 1095 2401 Veneoiarum
1110 2353 1175 2399 una

51 2443 98 2508 rel
121 2443 235 2527 plures
253 2441 427 2526 deputatas
443 2446 476 2506 et
498 2440 541 2505 ad
558 2440 620 2505 hoc
635 2443 841 2526 constitutas,
859 2447 1011 2526 tractare,
1027 2442 1179 2508 ordinare

1 2605 3 2654 ι
53 2549 195 2616 etfacere
205 2548 246 2615 de
258 2545 403 2614 Ciuitate
415 2546 573 2614 Sibinichi
585 2555 617 2614 et
632 2551 781 2616 universo
797 2551 868 2618 eius
883 2550 1056 2634 Districtu,
1072 2551 1180 2638 ligem,

1 2657 2 2718 3
53 2659 207 2744 unionem,
217 2664 351 2742 pactum
361 2663 395 2723 et
404 2655 610 2723 concordiam
635 2679 673 2724 ac
689 2665 881 2743 perpetuam
896 2661 1179 2749 tranquillitatem,

1 2752 4 2854 Ἰ
55 2773 83 2832 et
104 2768 210 2850 ipsam
234 2762 412 2832 Ciuitatem
437 2772 470 2831 et
495 2766 563 2832 eius
587 2764 783 2832 Districtum
802 2767 1025 2835 subiecturum
1043 2770 1107 2855 ipsi
1123 2771 1178 2837 do·

3 2921 5 2964 ,
44 2875 136 2941 'mino
160 2873 248 2940 Duoi
274 2879 308 2939 et
332 2870 505 2939 Communi
532 2871 750 2940 Veneciarum
776 2874 820 2940 ad
845 2880 974 2961 tempus
1000 2877 1049 2944 vel
1066 2898 1179 2963 perpe·

4 2997 5 3012 *
58 2991 163 3064 tuum3
188 2991 220 3050 et
244 2981 429 3065 eligendum
453 2980 661 3046 Potestatem
686 3002 742 3048 seu
759 2980 944 3066 Rectorem,
959 2984 1010 3050 vel
1027 3007 1177 3068 quocum·

5 3115 6 3118 ¹
58 3111 116 3173 qus
139 3092 206 3159 alio
231 3092 360 3157 nomine
385 3089 450 3156 dici
475 3095 587 3173 posset
611 3089 726 3154 melius
742 3089 792 3155 vel
808 3091 944 3175 conseri,
960 3092 1000 3158 de
1016 3092 1181 3161 nobilibus

5 3197 6 3200 ’
59 3201 95 3268 de
118 3201 264 3269 Consilio
281 3198 369 3265 dicte
384 3194 542 3265 Ciuitatis
558 3197 712 3280 Rivoalti,
728 3203 763 3264 et
778 3196 929 3283 deinceps
944 3200 1051 3285 ipsum
1067 3200 1182 3270 Potes·

59 3315 155 3376 tatem
163 3311 216 3378 rel
224 3310 402 3376 Rectorem
417 3329 475 3374 seu
490 3327 694 3392 quocumque
711 3307 840 3374 nomine
856 3309 991 3393 dicetur,
1007 3310 1182 3396 suscipien-

59 3415 131 3483 dmn
156 3419 198 3486 ad
223 3423 349 3485 certum
376 3416 541 3497 salarium,
558 3437 655 3499 quem
670 3415 741 3498 ipse
758 3415 901 3483 sindicus
917 3441 973 3486 seu
988 3426 1184 3504 procurator

60 3524 202 3610 ellegerit
212 3526 255 3592 ad
271 3547 371 3591 unum
388 3545 509 3590 annum
524 3522 574 3589 vel
590 3522 710 3608 plures,
726 3525 901 3592 secundum
917 3528 1004 3611 quod
1020 3549 1093 3594 cum
1108 3531 1181 3614 ipso

60 3631 182 3701 domino
207 3634 300 3700 Duce
317 3640 350 3700 et
365 3631 544 3699 Commune
560 3632 786 3714 Veneciarum,
803 3655 859 3700 seu
876 3634 1041 3719 deputatis
1057 3642 1092 3702 et
1106 3656 1180 3702 oon·

62 3742 177 3809 stitutis
188 3742 231 3809 ab
242 3742 299 3826 eis,
315 3744 387 3826 ipse
397 3740 540 3808 sindicus
555 3763 612 3808 seu
622 3762 816 3826 quocunque
832 3743 898 3809 alio
924 3745 1053 3810 nomine
1070 3745 1186 3813 melius

62 3845 121 3916 dici
140 3857 173 3916 et
191 3851 317 3916 censeri
331 3855 450 3934 potest,
465 3851 498 3914 in
511 3849 686 3917 concordia
703 3849 811 3932 fuerit,
828 3857 862 3916 et
878 3851 940 3918 sibi
956 3852 1071 3920 melius
1087 3859 1120 3919 et
1135 3871 1187 3922 sa·

62 3955 180 4024 lnbrius
205 3957 372 4026 videbitur
397 3958 569 4044 expedire;
594 3966 628 4026 et
652 3960 695 4026 ad
711 3958 923 4044 obligandum
938 3961 1043 4045 ipsam
1061 3957 1186 4028 Ciuita-

63 4071 124 4130 tem
149 4073 182 4132 et
205 4066 412 4150 Districtum,
427 4088 466 4134 ac
491 4067 578 4134 bona
604 4069 673 4134 eius
698 4067 807 4134 omnia
826 4067 890 4151 ipsi
905 4067 1037 4135 domino
1052 4063 1140 4136 Duci
1156 4073 1190 4136 et

14 4197 16 4222 ἱ
63 4169 226 4240 Communi
251 4173 469 4242 Vencciarum
494 4173 535 4240 de
560 4175 649 4242 dicta
674 4176 802 4259 unione,
828 4177 934 4262 pactis
951 4184 985 4243 et
1001 4178 1187 4261 concordia,

63 4277 151 4369 (que)
173 4289 370 4364 tractantur,
395 4289 492 4366 prout
516 4283 585 4368 ipse
613 4304 725 4349 eorum
750 4281 892 4351 sindicus
911 4307 984 4350 cum
1000 4283 1097 4352 eisin
1114 4306 1188 4353 con·

65 4390 170 4458 cordia
193 4391 304 4472 fuerit,
335 4397 367 4457 et
393 4393 422 4456 ei
448 4390 614 4458 videbitur
631 4398 664 4458 et
688 4393 879 4477 apparebit3
898 4401 931 4460 et
946 4391 990 4460 ad
1004 4391 1190 4463 faciendum

65 4493 279 4565 instrumenta
288 4496 509 4584 obligationis,
518 4500 607 4584 pacti
617 4507 649 4566 et
665 4501 847 4586 concordie,
862 4521 960 4568 vnum
976 4509 1010 4568 et
1024 4504 1130 4588 plura,
1139 4521 1193 4571 cn·

66 4600 246 4694 luscumque
271 4608 409 4690 generis,
435 4629 508 4674 cum
534 4629 619 4700 pena
645 4615 677 4674 et
701 4609 795 4701 penis
811 4617 844 4676 et
860 4610 1008 4696 qualibet
1023 4611 1192 4712 firmitate,
