3234 5238
641 358 735 422 1269.
1230 360 1248 422 ὅ

234 526 358 594 Verum
373 531 451 612 qnia
466 531 638 612 scripsisti,
654 531 741 613 quod
758 531 976 615 prescriptum
994 534 1184 598 mandatum
1200 555 1256 598 no-

134 639 229 698 strum
246 635 388 701 nondum
404 638 446 701 ad
465 647 497 702 te
520 638 676 721 peruenit,
704 639 760 702 sed
787 639 942 704 redeunte
967 641 1093 722 pridem
1120 641 1163 704 ad
1188 647 1221 703 te
1237 664 1257 704 a

133 756 228 822 Curia
244 763 357 824 nostra
372 757 504 841 Angelo
523 761 590 826 filio
605 770 662 826 tuo
679 762 871 826 intellexisti
887 783 945 844 per
962 784 1050 844 eum,
1066 763 1255 828 mandatum

132 865 345 934 huiusmodta
361 867 484 932 Nostra
502 865 703 932 Celsitudine
720 889 906 949 emanasse;
932 875 1068 952 propter
1094 870 1191 951 quod,
1219 877 1253 935 vt

133 973 202 1036 inde
233 973 468 1041 satisfacientes
494 973 650 1039 mandato
676 980 797 1054 nostro,
823 975 934 1039 statim
961 975 1002 1039 ad
1029 976 1253 1058 complendam

131 1082 364 1161 reparationem
380 1082 526 1164 ipsorum
542 1080 764 1160 vassallorum,
791 1085 824 1144 et
844 1083 1057 1146 munitionem
1076 1083 1254 1148 eorundem

131 1185 264 1253 sollicite
279 1189 491 1272 processisti;
509 1189 555 1254 ita
582 1189 666 1271 quod
685 1190 751 1252 iam
775 1187 870 1272 galea
896 1195 929 1254 et
954 1190 1058 1254 tcride
1075 1193 1144 1274 ipsc
1162 1211 1253 1273 repa-

132 1301 201 1360 rate
216 1303 293 1361 suut
318 1301 351 1360 et
376 1303 487 1378 aptate
513 1297 556 1361 ad
588 1296 710 1360 dictum
737 1297 879 1380 riagium
905 1297 1096 1362 laciendum.
1122 1297 1254 1379 Fecisti,

131 1401 211 1466 sicut
227 1402 343 1467 scribis
358 1403 440 1482 fieri,
460 1407 529 1466 tam
541 1403 582 1466 de
592 1402 729 1485 pecunia
739 1402 872 1485 propria
882 1424 979 1486 quam
990 1411 1100 1468 mutuo
1120 1406 1254 1468 inuenta

130 1531 187 1594 pro
202 1531 265 1574 rua
282 1532 322 1574 ex
337 1509 440 1592 galeis
456 1509 535 1592 ipsis
562 1508 748 1573 tendorium
765 1530 860 1573 vnum
878 1509 918 1573 de
950 1510 1099 1592 scarleto,
1126 1511 1253 1590 vexillo,

129 1623 160 1682 et
175 1617 334 1700 quasdam
351 1617 433 1681 alias
449 1615 647 1682 munitiones
664 1618 865 1681 necessarias
889 1638 950 1700 pro
967 1618 1097 1682 eisdem.
1113 1617 1169 1684 Ad
1187 1618 1252 1682 dic-

126 1731 190 1790 tum
207 1733 317 1790 tamen
332 1723 451 1806 prelati
465 1724 525 1807 filij
543 1725 599 1805 tui,
617 1725 673 1805 qui
691 1724 805 1789 retulit
828 1724 889 1789 tibi
905 1726 1127 1806 prouisionem
1153 1726 1251 1790 istam

126 1833 191 1897 fore
207 1833 242 1896 in
259 1831 361 1896 Curia
377 1835 489 1896 nostra
504 1831 634 1911 saetam,
648 1833 692 1896 sis
704 1831 806 1916 (scis),
832 1831 920 1913 quod
945 1831 1170 1897 nichilominus
1186 1853 1251 1896 res·

126 1943 174 2002 tat
189 1937 222 2002 in
240 1938 286 2002 eis
303 1937 538 2021 complendum,
556 1938 643 2018 quod
669 1938 711 2002 ad
734 1938 976 2021 reparationem
992 1944 1024 2001 et
1041 1938 1250 2001 munitionem

126 2045 270 2128 ipsorum
294 2046 530 2126 vassallorum3
554 2051 587 2110 et
612 2047 639 2110 si
665 2046 834 2112 habuisses
860 2046 1031 2128 pecuniam
1057 2051 1251 2126 oportunam

125 2175 181 2236 pro
198 2153 314 2219 solidis
344 2175 499 2237 pesarum
516 2153 791 2237 deputandarum,
816 2152 849 2216 in
879 2153 925 2216 eis
944 2153 1103 2234 potuisset
1118 2150 1251 2233 procedi

19 2295 21 2302 ,
123 2259 163 2323 ad
177 2264 394 2326 armatiouem
409 2262 552 2327 debitam
568 2261 752 2327 earundem
778 2261 829 2326 De
854 2265 990 2343 quotue
1017 2258 1249 2325 sollicitudinis

120 2365 299 2432 efficaciam
315 2369 585 2448 commendantes,
601 2389 675 2433 ecce
701 2367 788 2451 quod
804 2367 954 2450 predicto
972 2367 997 2430 J
999 2365 1166 2430 ustitiario
1187 2364 1243 2431 Ca·

122 2472 276 2554 pitanat-e,
287 2495 326 2538 ac
342 2474 410 2538 eius
426 2475 572 2540 Herario
589 2497 647 2557 per
662 2474 794 2539 lictores
821 2481 951 2538 nostras
970 2495 1121 2556 expresse
1141 2472 1246 2554 preci·
1266 2549 1271 2560 l

124 2578 238 2662 pimus,
252 2586 287 2644 vt
301 2582 519 2663 quantitatem
539 2582 681 2663 pecunie,
708 2601 807 2661 qnam
832 2600 892 2663 pro
909 2578 1105 2644 solidatione
1122 2578 1248 2660 predio-

124 2690 230 2750 torum
247 2687 458 2754 vassellorum
474 2688 537 2752 tibi
561 2709 619 2771 per
644 2709 698 2751 cos
723 2688 885 2768 assignari
911 2685 1157 2761 mandauimus,
1184 2689 1250 2747 sta-

124 2792 181 2856 tim
205 2794 268 2860 tibi
284 2793 336 2857 vel
366 2800 425 2859 tuo
457 2795 571 2859 nuntio
595 2795 764 2876 assignare
793 2799 976 2875 procurent.
1008 2789 1083 2874 Qua
1115 2796 1250 2872 recepta

123 2902 283 2985 procedas
299 2903 342 2968 ad
357 2906 572 2970 armationem
595 2906 743 2987 ipsorum
771 2905 862 2967 iuxta
885 2901 1103 2984 prescriptum
1119 2895 1250 2961 manda·

124 3015 192 3074 tum
209 3017 360 3076 nostrum
376 3013 444 3078 siue
461 3012 608 3094 qualibet
631 3011 800 3076 tarditate.
826 3009 1031 3090 iniungimus
1059 3006 1158 3070 etiam
1170 2999 1250 3068 'Sec-

123 3125 192 3183 reto
210 3117 334 3202 Apulie
349 3118 439 3183 fideli
455 3126 578 3202 nostro,
593 3125 629 3184 rt
644 3119 814 3202 pecuniam
830 3118 935 3199 ipsam
955 3122 989 3179 et
1008 3113 1117 3178 omnia
1143 3131 1251 3176 neces·

124 3223 212 3289 saria
227 3246 289 3308 pro
305 3226 492 3307 munitione,
509 3227 663 3309 panatioa
688 3232 719 3290 et
736 3224 810 3308 alijs
835 3221 1024 3304 necessariis
1040 3238 1251 3302 guarnamen-

124 3330 166 3395 tis
182 3331 347 3398 dictorum
363 3334 576 3398 vassallorum
595 3333 657 3396 tibi
683 3331 733 3397 vel
757 3337 814 3396 tuo
845 3330 968 3410 nuntio,
998 3328 1089 3390 iuxta
1104 3330 1252 3390 tenorem

123 3437 266 3520 predicti
281 3438 429 3504 mandati
446 3440 564 3523 prioris
581 3437 685 3503 nostri
717 3436 777 3500 sibi
805 3435 944 3518 proinde
975 3433 1183 3528 destinatum3
1200 3430 1252 3494 de·
1274 3481 1276 3484 .

122 3544 200 3610 beat
215 3545 386 3630 assignare
402 3568 464 3630 que
480 3546 640 3628 requiras,
658 3549 691 3608 et
710 3542 851 3623 recipias
867 3540 908 3604 ab
926 3539 1058 3618 eodem;
1075 3539 1262 3631 restituens

122 3657 232 3718 tamen
249 3654 311 3719 tibi
327 3674 388 3736 pro
404 3653 480 3738 alijs
494 3653 741 3734 quibuscunque
753 3646 965 3713 creditoribus
976 3648 1015 3710 de
1026 3646 1100 3728 ipsa
1116 3642 1252 3727 pecunia

124 3759 311 3843 apredioto
329 3758 463 3826 Secreto
482 3765 594 3824 nostro
612 3755 733 3840 Apulia
758 3753 946 3838 recipienda
962 3773 1020 3835 per
1036 3758 1078 3833 te,
1095 3747 1252 3831 quicquid

123 3867 192 3933 siue
208 3868 252 3932 de
267 3873 324 3933 tuo
341 3867 485 3951 proprio,
502 3868 570 3930 siue
586 3886 645 3949 per
661 3870 694 3929 te
720 3863 834 3927 nuntio
853 3867 985 3944 recepto
1012 3883 1070 3942 pro
1097 3857 1260 3948 predictis

125 3973 276 4040 omnibus
291 3972 409 4058 (quod)
424 3972 614 4056 expendisti.
631 3969 756 4033 Datum
780 3967 922 4051 Neapoli
949 3962 990 4033 V.
1008 3963 1135 4047 Aprilis
1151 3959 1253 4025 XIII.

124 4083 323 4149 indictionis.

234 4221 635 4294 (A›RegistriAugi0ini«O.
651 4227 690 4270 ll.
717 4234 757 4269 ez.
785 4218 964 4284 Reg.Karoli
991 4218 1012 4266 Ι.
1038 4214 1185 4265 kotetenol·
1212 4215 1255 4262 54.

125 4323 187 4382 lem,
201 4334 229 4370 u.
244 4321 282 4383 ο.)
