3244 5236
430 379 493 440 382
782 395 1013 444 orvronnozrnr
1032 385 1199 446 turitunii.

427 559 572 644 quolibet
602 580 661 641 pro
692 579 735 636 se,
766 577 824 638 per
848 556 978 621 modum
1008 557 1240 637 raciocinnndi,
1265 565 1333 624 tam
1348 559 1389 624 de
1414 557 1537 625 adventu

425 669 504 734 dicti
521 667 631 750 Regis,
648 685 744 747 quam
755 663 794 728 de
805 663 988 729 intencione
1004 664 1148 746 ipsorum
1157 664 1329 745 Comitum,
1346 673 1379 730 et
1394 668 1537 749 quomodo

426 777 574 840 videntur
591 771 773 837 contentari
789 769 829 834 de
845 793 891 851 eo,
917 777 949 836 et
965 771 1109 853 qualiter
1134 793 1167 836 se
1183 772 1343 838 haberent
1357 781 1467 838 contre
1480 773 1537 837 eins

426 885 609 951 adventum.
642 878 750 963 Super
780 878 897 962 quibus
922 879 1072 943 omnibus
1097 879 1189 944 nohis
1206 901 1264 963 per
1280 887 1404 947 vestras
1417 880 1538 950 litteras,

425 993 508 1056 bene
524 997 557 1054 et
572 987 721 1052 ordinato
752 986 950 1065 rescribatis,
966 993 998 1050 st
1013 993 1156 1052 vestrum
1172 988 1341 1053 consilium
1372 985 1537 1071 superinde.

425 1101 552 1164 Datum
583 1100 617 1161 in
649 1103 759 1161 nostro
789 1093 910 1160 Duosli
941 1094 1071 1176 palacio
1101 1067 1172 1159 die*
1185 1093 1230 1160 X.
1246 1093 1369 1161 Marcii
1394 1093 1536 1164 Vinn-

427 1207 587 1272 dictionis.

585 1367 725 1430 (Eredetie
738 1365 914 1430 borhtrtyrln
928 1381 945 1416 a
958 1365 1098 1416 velenozei
1110 1379 1187 1432 nngy
1199 1364 1393 1428 levtltrtrbsn.)

963 1744 1037 1803 366.

427 1913 624 1997 Upyanozoo
648 1905 808 1990 trirqybcn
841 1928 862 1965 a
892 1900 1048 1965 velenczei
1080 1902 1238 1988 kormciny
1269 1902 1439 1966 biztosotar
1466 1902 1533 1966 lull
1599 1961 1600 1964 ,

815 2011 1039 2074 Dalmoilidbo.
1058 2012 1155 2074 1340.

531 2167 1237 2243 AnnoDominiMOOOXL.dieXXVHL
1248 2168 1532 2250 Marciitlapte:

426 2285 523 2372 Quod
540 2287 572 2348 in
590 2282 718 2348 nomine
751 2276 873 2342 domini
904 2273 1027 2341 auditis
1060 2285 1093 2340 et
1123 2275 1297 2340 intellectis
1321 2277 1438 2342 litteris
1454 2295 1534 2356 super

424 2398 512 2461 f‘acto
529 2386 857 2456 novorumSclsuonie
874 2384 914 2450 de
940 2383 1079 2449 adventu
1104 2383 1207 2472 Regis
1241 2383 1397 2469 Vngarie,
1420 2383 1536 2466 ellignn-

422 2513 476 2569 tur
492 2509 559 2565 tres
576 2499 738 2582 sepientes
749 2495 810 2560 sth.

529 2607 590 2672 Ser
605 2606 738 2670 Marcus
754 2604 779 2668 J
780 2601 947 2667 nstinisno
963 2600 1173 2680 Procurator,
1190 2601 1314 2684 plenius
1324 2598 1533 2666 serBlauohns
1599 2601 1601 2608 ’

422 2720 628 2795 Fusceren03
653 2734 705 2777 ser
721 2709 887 2776 Martinus
915 2708 1065 2788 Ilcletro,
1082 2708 1206 2792 plenius
1222 2731 1274 2774 ser
1289 2707 1466 2774 Nicolletus
1480 2705 1533 2769 Fa·

421 2829 522 2907 leti-03
538 2824 710 2890 Johennes
730 2817 926 2897 Gradenico,
942 2817 1066 2900 plenius
1091 2837 1143 2882 ser
1167 2816 1323 2884 Andreas
1338 2813 1533 2883 Bondurniro.
1598 2795 1601 2874 i

528 2931 688 3014 Capta:
707 2927 790 2992 Item
809 2927 895 3008 quod
912 2925 991 2989 dicti
1017 2926 1199 3007 provisores
1224 2924 1346 2990 vadant
1371 2947 1427 3007 per
1441 2931 1532 2986 tenus

420 3049 548 3109 nostras
565 3037 738 3129 Solanonie
755 3055 815 3118 pro
831 3033 969 3098 citando
985 3033 1060 3097 illas
1091 3037 1220 3098 nostras
1236 3039 1357 3116 gentes,
1373 3026 1533 3115 proloqui

420 3138 521 3217 nendo
537 3156 570 3213 et
586 3141 751 3230 operando
782 3145 886 3206 toturn
917 3140 1008 3220 illud,
1041 3140 1128 3223 quod
1161 3140 1294 3205 credent
1326 3147 1466 3223 spectare
1483 3155 1531 3218 pro
1597 3137 1601 3206 Ι

423 3258 670 3324 conservacione
702 3272 814 3317 esrum
831 3257 864 3314 et
878 3249 1002 3313 honore
1018 3256 1050 3314 et
1066 3249 1149 3314 bono
1166 3256 1255 3314 statu
1271 3251 1374 3314 nostri
1389 3244 1532 3318 Dominii;
1599 3213 1601 3298 l

422 3375 454 3431 et
469 3374 584 3444 toturn,
609 3360 695 3445 qnod
720 3356 980 3442 perquisiverint,
1006 3355 1182 3422 habuerint
1207 3364 1241 3422 et
1259 3357 1463 3440 cognoverint
1476 3360 1530 3416 tan
1599 3401 1601 3424 ,

423 3474 462 3539 de
480 3473 645 3538 voluntate
671 3468 815 3551 ipsorum
842 3466 969 3545 ciuium,
993 3472 1063 3530 tarn
1079 3466 1118 3528 de
1136 3466 1224 3530 novis
1240 3466 1372 3531 illorum
1397 3463 1531 3548 partium,
1599 3429 1601 3500 l

423 3603 521 3664 quern
539 3580 578 3644 de
595 3579 692 3643 robus
708 3574 898 3658 opportunis
914 3594 974 3656 pro
990 3574 1234 3638 conservatione
1259 3574 1406 3656 ipserum
1422 3570 1529 3635 Oiuitn-
1598 3503 1601 3642 l

418 3703 497 3770 tum,
513 3689 605 3754 nobis
622 3685 777 3764 scribent,
793 3690 824 3748 et
841 3703 934 3747 suum
952 3681 1131 3762 consilium,
1147 3691 1180 3746 et
1195 3687 1340 3746 nostrum
1356 3678 1524 3763 prestollen-

419 3811 472 3868 tur
489 3795 689 3864 mandatum.

526 3907 687 3990 Copta:
706 3905 792 3970 Item
818 3901 904 3988 quod
930 3901 1010 3968 dicti
1035 3904 1218 3986 provisores
1249 3899 1417 3985 inquirant
1432 3903 1461 3964 et
1475 3915 1529 3961 sen·

419 4026 505 4090 tiant
522 4019 562 4082 de
577 4016 718 4081 adventu
734 4012 836 4096 Regis
853 4011 1012 4095 Vngsrie,
1029 4013 1056 4075 si
1073 4017 1285 4076 estventurus
1296 4008 1339 4075 nel
1356 4017 1461 4093 partes
1474 4023 1527 4067 nn·

416 4132 563 4205 ricinus,
579 4133 611 4192 et
627 4124 654 4187 si
685 4119 875 4200 habuerint,
891 4120 998 4202 ipsum
1023 4139 1092 4184 esse
1118 4127 1297 4199 venturum,
1323 4119 1366 4182 sit
1389 4118 1525 4180 incorum

419 4237 566 4316 arbitrio,
583 4234 610 4296 si
628 4233 674 4296 eis
691 4226 862 4307 videbitur,
877 4227 1123 4310 proscenciendi
1150 4234 1183 4291 et
1206 4225 1391 4308 inquirendi
1407 4247 1426 4287 u
1441 4219 1525 4284 Boro-

419 4347 516 4412 nibus
534 4341 706 4407 Solanonie
723 4338 922 4402 voluntatem
949 4357 1068 4415 eorum,
1095 4342 1128 4399 et
1144 4334 1303 4416 quomodo
1319 4333 1526 4396 eontentsntur

417 4453 457 4516 sle
474 4453 614 4516 adventu
631 4447 708 4511 dicti
726 4446 838 4526 Regis,
856 4453 887 4509 et
912 4443 1060 4526 ⁸qrrnliter
1086 4450 1195 4507 essent
1219 4441 1367 4524 dispositi
1394 4439 1434 4504 sd
1449 4431 1524 4500 ressi-

416 4557 565 4626 stendnm
581 4555 917 4635 neveniat,etquen1
941 4552 1073 4617 modum
1103 4557 1269 4628 tenerent3
1300 4569 1341 4614 ec
1366 4548 1459 4612 etism
1472 4550 1520 4605 un·
