3244 5236
454 317 519 381 364
803 334 1037 380 nmaousenrnr
1052 311 1220 380 amaran.
1258 367 1262 382 .

454 515 568 558 norum
585 516 682 579 super
697 495 795 562 dietis
811 494 903 560 bonis
918 467 1140 560 immobilibus
1150 493 1329 578 illatorum,
1344 497 1510 564 taxatione
1518 516 1566 580 per

453 621 509 666 ros
534 601 626 685 prius
651 600 750 683 facta,
775 601 816 668 de
832 599 929 668 dictis
943 601 1037 668 bonis
1053 601 1226 669 mobilibus
1242 624 1302 687 pro
1319 623 1526 686 personarum
1539 611 1566 668 et

451 709 575 794 negotij
593 710 756 794 qualitate
771 731 811 776 ao
826 708 937 775 valore
954 729 1011 776 seu
1028 710 1239 778 extimatione
1253 711 1403 795 ipsorum
1413 711 1566 779 mobilium

452 817 637 884 ablatorum
663 839 720 884 seu
734 818 940 883 incensorum
958 823 992 883 et
1008 817 1261 904 deperditornm,
1285 818 1338 886 vbi
1353 819 1497 904 ipsorum
1512 841 1568 886 mo·

453 924 565 992 bilium
586 926 675 994 valor
691 948 748 992 seu
774 925 944 993 estimatio
967 924 1064 992 aliter
1088 926 1223 1011 probari
1248 947 1311 993 non
1335 929 1469 1011 poterit,
1494 929 1567 993 iura

454 1037 562 1098 mento
588 1032 733 1098 eiusdem
758 1031 859 1114 Regis
884 1039 918 1098 et
943 1031 1095 1114 aliorum,
1129 1031 1185 1116 qui
1210 1032 1415 1116 pertulerunt
1440 1033 1568 1118 dampna

455 1138 651 1219 huiusmodi,
666 1137 874 1219 declaranda,
890 1139 1013 1206 eisdem
1024 1138 1110 1224 Regi
1120 1144 1154 1205 et
1163 1139 1238 1223 alijs
1255 1140 1398 1225 dampna
1412 1142 1516 1226 passis
1530 1143 1568 1206 in·

454 1247 624 1332 tegraliter
637 1247 828 1330 taciendam,
843 1247 933 1312 nullo
943 1248 1110 1332 superhoc
1121 1246 1243 1314 eisdem
1253 1248 1471 1332 iuuasoribus,
1486 1269 1569 1317 oocu-

453 1353 634 1438 patoribus‚
658 1353 877 1439 incendiarijs,
903 1354 1089 1439 raptoribus
1116 1358 1148 1419 et
1163 1354 1379 1439 dampnorum
1395 1355 1568 1424 illatoribns

453 1460 681 1545 appellationis
693 1457 894 1545 suffragante
904 1457 1309 1550 remediosssententialiter
1319 1464 1571 1548 condempnetis3

453 1569 639 1637 huiusmodi
662 1571 868 1654 sententiam,
893 1591 990 1656 quam
1015 1591 1114 1656 super
1138 1571 1303 1654 premissis
1322 1572 1465 1657 proferri
1481 1573 1570 1639 eonti-

452 1677 547 1761 gerit,
563 1679 744 1744 executioni
760 1677 869 1745 debite
886 1677 1115 1762 demandates3
1138 1679 1400 1747 contradictores
1417 1681 1570 1766 quoslibet

454 1791 487 1851 et
501 1785 640 1851 rebelles
656 1787 876 1872 cuiuscunque
891 1791 1006 1869 status,
1022 1785 1201 1873 dignitatis,
1218 1789 1341 1855 ordinis
1356 1790 1407 1856 vel
1425 1789 1571 1858 conditio

452 1894 503 1960 nis
528 1893 704 1976 extiterint,
729 1914 789 1978 per
812 1893 1157 1961 excommunicationis
1174 1899 1208 1961 et
1222 1896 1444 1980 suspensionis
1460 1899 1493 1963 in
1507 1919 1570 1982 per.-

452 2021 558 2086 sonas,
574 2022 613 2068 ac
627 2001 794 2068 interdicti
810 2002 843 2066 in
859 2008 965 2068 terras
981 2024 1039 2069 seu
1053 2004 1220 2073 Ecclesias
1235 2005 1421 2090 eorumdem,
1444 2030 1482 2074 ae
1497 2007 1571 2075 Vui-

453 2110 630 2177 uersitates
646 2107 972 2176 seuOommunitates
987 2109 1175 2177 earumdem
1191 2118 1364 2198 terrarum,
1380 2121 1414 2180 et
1423 2113 1489 2180 alia
1498 2114 1572 2179 iuris
1610 2174 1611 2184 ,

452 2217 607 2297 remedia,
631 2220 730 2301 prout
745 2217 898 2300 expedire
913 2217 1071 2299 videritis,
1098 2219 1342 2304 compescendo,
1366 2220 1521 2288 inuocato
1536 2221 1573 2287 ad

452 2327 523 2408 hoo,
540 2327 565 2391 si
582 2344 664 2411 opus
680 2323 789 2406 fuerit,
814 2325 936 2392 anxilio
952 2326 1080 2412 brachij
1098 2318 1275 2410 secularis3
1290 2348 1356 2394 non
1372 2329 1573 2397 obstantibus

452 2431 557 2500 felinis
573 2432 812 2502 recordationis
822 2431 985 2518 Bonisaoij
997 2433 1087 2520 Pape
1098 2434 1199 2504 VIII.
1214 2437 1454 2521 predecessoris
1469 2435 1575 2516 nostri,

454 2560 520 2622 qua
544 2548 685 2622 cavetur,
710 2563 751 2608 ne
777 2541 895 2626 aliquis
920 2546 1015 2608 extra
1038 2563 1132 2608 suam
1153 2541 1331 2610 Ciuitatem
1356 2551 1389 2609 et
1404 2542 1576 2626 Diooesim‚

454 2647 515 2713 nisi
530 2647 564 2714 in
580 2645 680 2714 certis
697 2649 842 2734 exceptis
862 2649 1001 2730 casibus,
1026 2655 1059 2716 et
1074 2651 1109 2714 in
1124 2648 1192 2716 illis
1208 2650 1295 2716 vltra
1309 2671 1407 2716 unam
1423 2650 1577 2718 dietama

452 2753 516 2819 fine
531 2754 755 2836 sueDiocesis,
771 2755 814 2822 ad
823 2755 848 2822 J
850 2757 993 2823 udicium
1008 2764 1177 2839 euocetur·;
1193 2778 1251 2824 seu
1266 2757 1454 2824 neJudioes
1464 2779 1486 2822 a
1496 2756 1577 2824 Sede

452 2861 602 2946 deputati
628 2863 778 2947 predicta
803 2869 896 2930 extra
913 2861 1090 2929 Ciuitatem
1106 2871 1138 2930 et
1153 2862 1327 2944 Diooesim‚
1343 2866 1377 2929 in
1395 2864 1512 2949 quibus
1528 2865 1576 2930 de·

451 2971 557 3054 putati
576 2969 706 3051 luerint,
723 2975 840 3037 contra
856 2991 1067 3056 quoscunque
1083 2972 1270 3056 procedere,
1286 2971 1355 3037 siue
1365 2972 1420 3056 alij
1438 2973 1493 3038 uel
1508 2972 1578 3058 alijs

451 3078 538 3144 vices
564 3100 639 3144 suas
664 3078 880 3159 committere,
905 3087 962 3145 aut
989 3079 1116 3162 aliquos
1132 3079 1217 3144 vltra
1232 3099 1329 3146 snam
1345 3079 1466 3146 dietam
1482 3102 1504 3146 a
1519 3079 1578 3144 fine

451 3184 599 3252 Diooesis
617 3188 792 3253 eorundem
808 3185 941 3252 trahere
956 3193 1152 3271 presumant,
1181 3207 1220 3253 ae
1236 3187 1276 3253 de
1292 3186 1419 3253 duabus
1435 3186 1577 3253 dietisin

452 3290 599 3358 Consilio
626 3292 792 3377 Generali
817 3302 850 3359 et
876 3293 951 3379 alijs
977 3293 1221 3378 quibuscunque
1246 3295 1539 3363 constitutionibus
1560 3317 1577 3360 a

451 3401 734 3484 predecessoribus
749 3402 872 3470 nostris
881 3401 1041 3469 Romanis
1050 3401 1347 3470 Pontificibustam
1357 3403 1397 3470 de
1406 3402 1431 3469 J
1432 3403 1576 3472 udioibus

451 3508 617 3592 delegatis,
642 3531 741 3594 quam
768 3509 807 3577 de
832 3506 1085 3599 personisjvltra
1099 3516 1224 3576 eertum
1239 3531 1409 3577 numerum
1426 3513 1471 3580 ad
1488 3511 1578 3579 Judi·

452 3617 538 3682 cium
553 3638 618 3682 non
635 3618 797 3699 vocandis,
821 3623 879 3683 aut
895 3618 969 3702 alijs
987 3619 1092 3700 editis,
1116 3640 1179 3704 que
1194 3625 1305 3686 nostre
1320 3629 1456 3704 possent
1470 3622 1508 3686 in
1523 3621 1577 3686 hac

451 3729 546 3807 parte
562 3724 779 3791 iurisdictioni
796 3731 854 3790 aut
868 3725 1035 3810 potestati,
1051 3732 1109 3791 aut
1124 3726 1193 3792 eius
1208 3725 1313 3792 libero
1324 3727 1487 3795 exercitio
1506 3747 1579 3810 quo-

450 3831 630 3899 modolibet
655 3831 799 3912 obuiare,
826 3853 883 3899 seu
907 3833 942 3898 in
968 3831 1089 3898 eisdem
1106 3831 1272 3916 Magistro
1289 3839 1323 3899 et
1337 3832 1510 3917 fratribus,
1535 3833 1578 3898 rel
1609 3821 1611 3854 ³

450 3937 618 4023 quibusvis
644 3941 719 4025 alijs
738 3941 951 4008 communiter
968 3940 1018 4006 vel
1036 3940 1170 4008 diuisim
1186 3941 1228 4008 ab
1245 3940 1359 4007 eadem
1375 3942 1417 4006 sit
1434 3940 1524 4008 Sede
1539 3943 1577 4007 in·

451 4046 588 4130 dullum,
614 4050 701 4133 quod
727 4049 1009 4134 excommunicari,
1026 4047 1189 4134 suspendi,
1214 4048 1266 4114 vel
1290 4069 1401 4114 eorum
1425 4049 1577 4131 Ecclesia,
1609 4055 1611 4158 Ξ

451 4153 621 4239 Ciuitates,
649 4155 769 4224 Castra
794 4163 828 4224 et
852 4159 934 4240 loca,
959 4157 1179 4226 ecclesiastico
1195 4157 1300 4224 subici
1315 4157 1507 4242 interdieta,
1530 4178 1576 4224 seu
1609 4161 1611 4260 t

451 4264 538 4346 quod
562 4265 647 4330 vltra
668 4265 717 4332 vel
734 4271 827 4331 extra
843 4272 933 4331 certa
948 4266 1021 4333 loca
1036 4266 1079 4332 ad
1094 4264 1119 4331 J
1120 4264 1264 4331 udieium
1280 4267 1413 4331 euocari
1428 4286 1498 4332 non
1514 4285 1576 4351 pos
1609 4261 1611 4296 r

452 4371 526 4452 sint,
550 4394 608 4456 per
633 4372 764 4440 litteras
780 4371 993 4459 Apostolioas
1009 4394 1073 4439 non
1089 4373 1246 4441 facientes
1260 4371 1391 4456 plenam
1407 4381 1442 4439 et
1457 4393 1577 4458 expres·

455 4497 523 4544 sam
548 4499 587 4545 ao
606 4479 647 4547 de
665 4481 764 4548 verbo
781 4481 825 4548 ad
840 4481 975 4549 verbum
989 4481 1029 4548 ds
1046 4481 1174 4549 indulto
1189 4479 1383 4563 huiusmodi,
1409 4499 1578 4567 eorumque
1609 4543 1611 4614 i
