3244 5236
393 351 457 412 378
751 371 983 416 nreronacurnr
1000 357 1168 415 anabusn.

392 529 467 610 igne
498 531 627 612 penitus
660 531 900 613 combuxerunt,
916 537 1129 596 uastauerunt
1159 541 1191 596 et
1222 532 1468 612 desolauerunt3
1490 543 1520 599 et

391 637 459 704 alia
476 639 621 722 dampna
637 636 725 701 dicto
741 635 871 702 domino
902 637 988 722 Regi
1003 644 1035 704 et
1051 637 1166 721 Regno
1183 658 1251 721 suo,
1267 641 1399 724 suisque
1416 640 1519 706 subdi·

391 747 434 808 tis
450 746 592 830 plurima
607 744 795 810 intulerunt
827 747 1013 829 Eapropter
1039 745 1082 810 ad
1107 746 1344 812 restitutionem
1361 746 1520 814 dictarum

389 859 557 922 terrarum
571 853 776 933 Pomcranie,
801 852 1102 933 WladislauiensiS,
1127 853 1322 936 Brestensis,
1338 855 1520 922 Dobrinen-
1607 943 1608 946 Ἴ

392 964 446 1046 sis,
465 961 649 1030 Oulmensis
666 969 698 1025 et
713 959 983 1027 Michalouieusis
998 961 1182 1044 plenariam
1207 969 1241 1027 et
1263 963 1427 1046 integram
1444 962 1519 1028 laci·
1607 1023 1608 1026 ,

391 1071 467 1138 dam
484 1071 569 1136 dicto
588 1068 717 1134 domino
736 1067 908 1134 Karimiro
932 1067 1019 1152 Regi
1049 1068 1196 1152 Polouie,
1209 1091 1248 1135 ac
1264 1069 1435 1149 fructuum,
1451 1070 1520 1136 red·

391 1180 518 1246 dituum
534 1185 567 1244 et
583 1183 797 1262 prouentuum
828 1177 905 1242 inde
933 1185 1168 1260 perceptorum,
1184 1185 1217 1244 et
1240 1178 1398 1244 bonorum
1421 1179 1519 1244 mobi-

392 1288 471 1352 lium
488 1287 683 1365 ablatorum,
699 1286 902 1350 incensorum
930 1292 963 1350 et
989 1283 1243 1369 deperditorum,
1261 1273 1320 1350 nec
1336 1308 1400 1350 non
1416 1309 1520 1351 emen·

390 1395 558 1462 dacionern
575 1394 789 1477 dampnorum
805 1413 903 1476 super
919 1391 1013 1457 bonis
1029 1391 1249 1458 immobilibus
1265 1392 1443 1459 illatorum.
1459 1415 1518 1476 que

389 1503 499 1569 omnia
515 1509 665 1568 taxamus
689 1499 731 1567 ad
762 1507 890 1566 centum
906 1500 1085 1581 nonaginta
1101 1506 1242 1583 quatuor
1258 1499 1362 1567 millia
1378 1508 1411 1566 et
1427 1501 1516 1586 quiu-

389 1617 505 1694 gentas
521 1609 676 1676 marchas
708 1606 859 1674 Polonici
889 1606 1043 1690 ponderis
1075 1615 1108 1672 et
1138 1613 1273 1686 monete,
1304 1615 1403 1691 prout
1418 1609 1519 1673 eciam

389 1715 495 1782 dictus
527 1715 675 1782 domiuus
705 1714 780 1781 Rex
803 1715 838 1779 in
863 1715 983 1780 uostris
1008 1713 1159 1780 manibus
1175 1735 1232 1798 per
1248 1715 1417 1799 proprium
1434 1717 1520 1780 iura-

390 1829 534 1888 mentum
567 1821 792 1889 Sacrosanctis
824 1823 886 1887 Dei
918 1823 1015 1888 tactis
1041 1822 1234 1907 Euangelijs
1259 1825 1333 1906 ipsa
1348 1822 1471 1889 damna
1486 1823 1517 1886 in

389 1931 521 2016 prelata
537 1953 663 1997 summa
678 1930 878 2011 declarauit3
894 1930 1027 2012 insuper
1043 1937 1076 1994 et
1091 1928 1135 1994 ad
1145 1931 1386 1995 restitucionem
1404 1951 1518 2013 expen-

391 2061 501 2106 sarum
531 2037 694 2105 factarum
719 2039 752 2103 in
778 2037 867 2104 dicta
892 2037 948 2102 lite
974 2045 1006 2103 et
1022 2038 1189 2104 occasione
1205 2019 1307 2121 ipsius
1323 2060 1382 2122 per
1398 2038 1519 2104 dictum
1607 2097 1608 2102 ,

392 2148 558 2212 dominum
587 2145 714 2229 Regem
745 2167 802 2210 seu
831 2152 1079 2228 procuratorem,
1106 2145 1217 2228 ipsius,
1232 2145 1418 2212 faciendam
1435 2146 1519 2210 dicto
1607 2147 1608 2154 ’

391 2254 520 2320 domino
535 2253 631 2338 Regi,
655 2274 738 2337 quas
764 2253 798 2317 in
818 2252 907 2318 mille
938 2256 1095 2319 sexcentis
1127 2254 1267 2318 marchis
1298 2254 1518 2337 predictorum

390 2363 544 2446 ponderis
575 2369 608 2426 et
638 2367 764 2428 monete
795 2367 955 2440 taxamus,
970 2368 1069 2443 prout
1084 2361 1189 2426 dictus
1205 2368 1400 2444 procurator
1415 2363 1450 2426 in
1467 2384 1518 2426 no

390 2471 466 2535 stris
476 2469 625 2534 manibus
635 2469 731 2533 tactis
740 2467 896 2552 predictis
914 2465 1139 2535 sacrosanctis
1149 2469 1212 2536 Dei
1221 2468 1416 2552 Euangelijs
1433 2491 1518 2560 asses

389 2577 456 2640 ruit
472 2576 592 2642 dictum
608 2575 772 2640 dominum
797 2574 924 2657 Regem
954 2575 1067 2641 fecisse
1092 2585 1124 2640 et
1149 2576 1349 2659 expendisse,
1364 2582 1398 2640 et
1413 2577 1517 2642 eciam

389 2683 572 2750 declarauit
587 2682 748 2766 predictos
760 2683 960 2766 Magistrum
971 2681 1178 2763 Generalem,
1188 2683 1477 2750 Coruniendatores
1487 2692 1517 2751 et
1606 2725 1608 2770 ᾗ

389 2788 511 2856 fratres
526 2790 652 2856 Domus
670 2789 804 2856 Ordinis
822 2788 926 2856 Beate
942 2789 1051 2856 Marie
1067 2789 1339 2858 Theutonicorum
1356 2792 1517 2874 predicta·
1606 2771 1608 2850 1

389 2920 460 2964 rum
476 2907 638 2966 terrarum
669 2899 799 2965 illicitos
831 2899 1014 2964 detentores
1045 2907 1076 2965 et
1108 2909 1327 2983 occupatores,
1357 2900 1517 2966 dictorum
1605 2905 1608 2988 ,

390 3008 607 3092 dampnorum
622 3007 778 3092 illaturos,
795 3015 828 3073 et
842 3029 1031 3073 excessuum
1061 3015 1248 3091 patratores
1265 3007 1350 3074 dicto
1366 3029 1519 3091 procura·

388 3117 452 3180 tori
469 3117 572 3199 ipsius
588 3115 710 3181 domini
725 3115 828 3197 Regis
845 3115 979 3180 Polonie
995 3115 1122 3180 nomine
1133 3115 1358 3198 procuratorio
1373 3115 1518 3182 eiusdem
1606 3119 1608 3202 1

388 3222 453 3306 hijs
485 3221 606 3286 eisdem
638 3223 769 3305 scriptis
793 3243 852 3305 per
877 3221 963 3288 hanc
992 3222 1128 3287 eandem
1148 3227 1293 3288 nostram
1309 3222 1518 3288 diffinitiuam

391 3330 589 3394 sentenciam
621 3329 862 3394 sentencialiter
904 3329 1185 3412 condempnamus.
1216 3329 1258 3394 In
1287 3351 1424 3414 quorum
1458 3331 1518 3395 stb.
1607 3349 1608 3424 ᾗ

388 3432 476 3499 Acta
507 3434 638 3500 luerunt
669 3436 728 3501 hec
743 3436 777 3501 iu
793 3441 959 3506 Warszow
991 3436 1226 3502 Poznaniensis
1257 3436 1404 3502 Diocesis
1430 3437 1518 3502 infra
1606 3463 1608 3476 ⁴

386 3540 571 3608 Ecclesiam
597 3542 827 3609 Parochialem
859 3542 972 3610 Sancti
991 3542 1160 3634 ,lobannis
1190 3545 1343 3627 Baptista
1359 3544 1439 3609 dicti
1457 3547 1518 3612 loci
1606 3605 1608 3612 Α

387 3671 474 3714 anno
491 3673 511 3715 a
527 3650 714 3716 Natiuitate
746 3651 879 3716 Domini
910 3649 1219 3718 MCOOXXXIX.
1244 3652 1418 3718 indictione
1435 3651 1519 3720 VII.
1606 3709 1608 3718 .

388 3756 603 3823 Pontificatus
621 3758 826 3824 Sanctissimi
852 3759 965 3826 Patris
991 3769 1023 3826 et
1046 3761 1179 3830 Domini
1196 3762 1300 3826 nostri
1316 3761 1441 3826 domiui
1458 3763 1518 3828 Be·
1607 3817 1608 3834 2

388 3864 509 3930 nedicti
530 3866 651 3933 Diuina
667 3869 879 3951 prouidencia
895 3867 987 3950 Pape
1003 3868 1089 3934 XII.
1106 3890 1193 3936 anno
1203 3869 1315 3951 quinto
1326 3876 1357 3932 ct
1375 3866 1427 3931 die
1438 3867 1517 3934 XV.

388 3972 508 4036 mensis
540 3971 743 4057 Septembris
775 3975 863 4041 cuca
894 3977 1009 4041 horam
1047 3997 1266 4059 vesperarum.
1304 3975 1517 4041 Preseutibus

385 4079 590 4146 Reuereudis
615 4082 649 4146 in
676 4081 807 4148 Christo
832 4083 983 4166 patribus
999 4090 1031 4148 et
1055 4083 1204 4150 Dominis
1221 4081 1350 4148 domino
1364 4081 1521 4154 lariisluo,
1606 4089 1608 4136 l

387 4185 645 4273 Archiepiscopo
662 4188 856 4270 Gneznensi,
873 4191 1002 4256 domino
1028 4190 1194 4256 Clemente
1210 4189 1371 4268 Plocensi
1389 4189 1518 4254 domino

387 4294 412 4359 J
413 4295 540 4361 ohanne
557 4296 784 4380 Poznaniensi,
800 4305 833 4363 et
849 4298 980 4364 domiuo
997 4296 1166 4380 Stephano
1182 4296 1366 4362 Lubucensi
1383 4295 1517 4380 Episco-
1607 4297 1608 4302 ’

386 4401 455 4484 pis,
487 4425 526 4470 ac
556 4405 795 4474 venerabilibus
826 4405 977 4490 patribus
1009 4406 1113 4471 fratre
1138 4403 1303 4472 Guilelmo
1322 4405 1363 4468 de
1380 4401 1514 4482 Suleou,
1607 4411 1608 4496 ]

388 4509 491 4574 fratre
521 4510 675 4578 Johanuc
706 4515 753 4600 de,
778 4515 906 4600 Mogila
931 4512 1140 4593 Abbatibus;
1172 4520 1204 4578 et
1234 4511 1364 4576 domiuo
1380 4510 1516 4577 Nicolao
