3244 5236
412 353 477 414 362
771 373 1003 419 nirnonncmar
1019 359 1187 418 aurdanu.

407 526 537 606 siarum,
563 527 755 613 Apostolice
790 531 887 598 Sedis
912 531 1058 618 Nuntijs,
1084 533 1221 600 salutem
1247 538 1280 598 et
1307 531 1520 618 Apostolicam
1595 533 1597 541 ’

404 635 670 704 benedictionem.
681 639 855 724 Querelam
867 661 1000 725 grauem
1009 660 1068 723 pro
1079 645 1174 724 parte
1184 639 1350 706 karissimi
1361 640 1521 706 inOhristo
1596 655 1597 698 i

405 735 462 809 ein
488 747 590 812 nostri
617 745 779 812 uastam
803 747 906 831 Regis
930 745 1070 812 noronte
1096 746 1242 812 Illustns
1267 748 1300 812 in
1327 747 1521 814 consistorio
1596 727 1597 742 '

407 874 515 919 coram
542 853 634 922 nobis
660 862 693 920 et
719 853 878 922 fratribus
904 854 1025 921 uostris
1041 856 1245 938 propositam
1260 855 1442 921 audiuimus
1457 877 1522 920 con·
1595 845 1598 884 ³*

406 963 571 1043 tinentem‚
601 961 688 1048 quod
704 965 783 1031 olim
798 963 962 1049 Magister
978 969 1011 1029 et
1027 962 1148 1029 fratres
1163 961 1289 1029 Domus
1305 963 1409 1030 Beate
1424 963 1522 1031 Maria

408 1067 691 1152 Theutonicorum,
716 1074 771 1157 qui
797 1078 875 1139 tunc
901 1079 996 1140 crant
1019 1074 1054 1138 in
1069 1070 1204 1140 Pruscie
1228 1073 1379 1156 partibus
1396 1093 1522 1138 commo·
1596 1057 1598 1098 ⁴

407 1185 528 1260 rantes,
553 1180 725 1246 nonnullus
751 1187 857 1247 terras
882 1186 917 1246 et
933 1179 1077 1246 dominia
1092 1178 1179 1246 infra
1195 1179 1345 1263 Regnum
1362 1201 1453 1246 suum
1469 1179 1521 1245 Po·

408 1285 493 1352 lonie
510 1287 727 1372 consistentia,
742 1288 893 1354 videlicet
909 1285 1115 1354 Culmensem
1130 1294 1163 1353 et
1175 1286 1378 1372 Pomeranie,
1403 1287 1523 1368 dudum,
1597 1323 1599 1350 l

408 1410 533 1460 necnon
559 1417 579 1460 a
603 1395 716 1479 paucis
741 1396 826 1462 citra
851 1394 1052 1480 temporibus
1068 1395 1230 1480 Magister
1250 1397 1306 1480 qui
1321 1401 1399 1462 tunc
1413 1400 1523 1462 enatet
1597 1377 1599 1470 l

409 1501 526 1567 fratres
544 1501 628 1568 dicte
638 1501 774 1587 Domus,
790 1502 1100 1586 Vladislauiensem,
1117 1502 1523 1584 B1·estensem,Dobrinen·
1594 1529 1600 1590 p

409 1632 476 1675 sem
493 1608 827 1676 ctMichalouiensem
843 1617 950 1676 terras
966 1611 1009 1676 ad
1018 1610 1145 1694 Regem
1161 1619 1194 1676 et
1209 1611 1449 1695 progenitorem
1463 1610 1524 1675 eius

410 1717 450 1782 de
464 1716 538 1800 jure
554 1724 749 1800 spectantes,
764 1717 850 1784 infra
860 1717 1010 1802 Regnum
1025 1719 1131 1802 ipsum
1147 1717 1370 1796 consistentes,
1385 1740 1448 1783 non
1464 1717 1524 1783 siue
1598 1717 1600 1776 i

411 1844 529 1906 magua
545 1831 655 1910 strage
667 1823 791 1892 Christi
807 1823 953 1891 fidelium
970 1833 1003 1890 et
1018 1827 1276 1891 concrematione
1292 1831 1420 1891 contum
1436 1823 1525 1890 eccle-

412 1933 533 1998 siarum
549 1932 600 1998 vel
616 1935 712 2014 circa,
729 1935 893 2000 hostiliter
909 1935 1108 2016 inuaserunt,
1124 1939 1159 1999 et
1174 1955 1232 2018 per
1247 1933 1432 2000 violentiam
1442 1953 1526 2000 oocu-
1600 1961 1601 1964 ¹

410 2047 541 2123 parunt,
565 2047 597 2107 et
622 2042 730 2108 adhuc
754 2041 795 2107 de
819 2041 907 2108 facto
934 2041 1081 2108 detinent
1106 2047 1282 2125 occupatas
1304 2042 1338 2107 in
1353 2044 1525 2106 animarum

411 2148 555 2232 ipsorum
571 2149 756 2231 perniciem,
772 2149 875 2232 ipsius
891 2148 1002 2234 Regis,
1018 2149 1061 2214 ad
1078 2168 1174 2234 quem
1189 2150 1316 2214 ratione
1332 2146 1411 2213 dicti
1426 2147 1525 2230 Regni
1600 2139 1601 2142 '

412 2256 462 2322 sui
478 2257 564 2322 dicte
581 2263 676 2338 terre,
692 2262 725 2322 vt
741 2257 951 2340 premittitur,
967 2263 1116 2341 spectare
1132 2261 1318 2336 noscuntur,
1336 2258 1419 2322 sicut
1434 2257 1525 2321 etiarn
1601 2329 1602 2332 Ἴ

411 2384 469 2448 per
494 2365 688 2429 sententiam
705 2364 806 2431 latam
822 2386 919 2448 super
935 2365 1023 2431 dicta
1037 2370 1128 2430 terra
1145 2365 1339 2432 Pomerauic
1354 2385 1413 2448 per
1427 2367 1527 2428 certos
1601 2351 1602 2366 ³

411 2468 436 2535 J
438 2471 546 2536 udices
571 2471 738 2555 delegatos
755 2493 813 2556 per
828 2471 932 2539 felicis
947 2472 1188 2538 recordacionis
1203 2473 1228 2538 J
1230 2470 1392 2538 ohannem
1409 2469 1525 2554 Papam
1601 2495 1602 2502 ¹

410 2577 536 2644 XXII.
553 2579 820 2663 predecessorum
836 2586 992 2664 nostrum,
1009 2579 1085 2646 dum
1095 2581 1201 2646 adhuc
1211 2586 1325 2665 ageret
1334 2581 1369 2644 in
1378 2577 1528 2656 humanis,

411 2693 444 2753 et
468 2687 658 2755 instantiam
683 2690 771 2756 clare
796 2694 950 2756 memorie
967 2689 1144 2756 Wladislai
1170 2689 1272 2773 Regis
1297 2687 1434 2754 Polouic
1457 2692 1528 2751 tunc
1602 2671 1603 2700 ¹

412 2796 549 2862 uiuentis
575 2796 731 2881 genitoris
746 2797 908 2865 Kasimiri
924 2799 1027 2881 Regis
1053 2797 1193 2883 predicti
1209 2797 1384 2881 deputatos
1399 2794 1440 2860 ab
1456 2792 1526 2858 olim

412 2904 534 2970 dicitur
558 2905 683 2991 liquido
709 2926 877 2991 apparere,
908 2929 948 2972 ac
973 2905 1053 2972 dicti
1068 2905 1186 2988 Regni,
1212 2904 1301 2986 qnod
1326 2909 1376 2968 est
1391 2899 1527 2968 Ecclesia

411 3011 560 3080 Romane
584 3015 741 3095 censuale,
766 3014 917 3098 quodque
943 3021 1019 3099 post
1035 3013 1140 3080 Deum
1166 3012 1290 3078 nullum
1306 3017 1417 3096 preter
1432 3009 1528 3092 ipsam

411 3120 593 3186 Ecclesiam
609 3121 814 3206 recognoscit
831 3122 1032 3207 superiorem
1048 3123 1083 3186 in
1092 3121 1198 3204 terris,
1214 3137 1337 3185 necnon
1352 3125 1384 3184 et
1395 3115 1528 3184 eiusdem

414 3227 560 3294 Ecclesia
584 3226 741 3312 Romane,
773 3250 836 3311 que
861 3236 1034 3314 propterea
1060 3250 1166 3312 ceusu,
1193 3229 1248 3312 qui
1274 3227 1426 3291 denarius
1442 3221 1531 3288 Beati

409 3333 502 3400 Petri
522 3334 650 3417 dicitur,
675 3336 779 3401 eidem
794 3335 943 3403 Ecclesia
960 3338 1079 3420 inipso
1096 3335 1211 3420 Regno
1229 3335 1339 3401 debito
1355 3328 1530 3414 multiplici·

410 3447 464 3508 ter
489 3443 599 3508 existit
625 3442 830 3526 defraudata,
855 3465 957 3527 graue
982 3444 1199 3528 preiudicium
1226 3449 1328 3524 atque
1353 3440 1530 3523 dampnum.

412 3549 639 3634 Supplicatum
664 3551 764 3633 igitur
790 3551 882 3617 uobis
897 3571 957 3635 pro
973 3559 1068 3635 parte
1085 3551 1165 3616 dicti
1181 3549 1295 3635 Regis,
1317 3555 1352 3613 vt
1367 3544 1531 3631 prouidere

414 3678 510 3742 super
537 3659 599 3743 hijs
620 3658 659 3724 de
677 3666 839 3742 oportuno
858 3659 1002 3724 remedio
1019 3678 1216 3738 curaremus,
1242 3677 1300 3721 nos
1317 3653 1406 3738 apud
1424 3651 1531 3719 Sedem

410 3763 637 3848 Apostolicam
652 3766 824 3832 informari
834 3767 989 3845 volentes
1005 3786 1047 3830 an
1059 3764 1220 3848 Magister
1230 3769 1264 3828 et
1273 3763 1392 3828 fratres
1401 3759 1533 3845 predicti

411 3895 507 3956 super
522 3874 685 3957 premissis
702 3873 837 3939 infamia
852 3874 1060 3953 laborarent3
1085 3873 1203 3938 dilecto
1219 3870 1287 3935 tilio
1305 3874 1418 3936 nostro
1435 3867 1528 3932 Petro

408 3979 496 4046 tituli
523 3977 643 4046 Sancto
658 3979 817 4046 Praxedis
834 3979 1033 4060 Presbitero,
1059 3987 1091 4046 et
1118 3980 1201 4046 bone
1221 3976 1373 4044 memorie
1391 3973 1415 4041 J
1418 3971 1529 4040 ohanni

411 4088 527 4154 Sancti
545 4085 709 4155 Theodori
726 4089 874 4154 Diacono
901 4093 978 4154 tunc
1003 4087 1137 4170 uiuenti,
1163 4083 1397 4152 Cardinalibns
1414 4080 1533 4148 commi·

410 4197 510 4262 simus
537 4197 671 4263 oraculo
696 4197 767 4263 viue
784 4197 880 4278 vocis,
906 4204 940 4262 vt
965 4218 999 4262 se
1016 4218 1112 4280 super
1128 4195 1189 4262 lroc
1206 4193 1292 4279 apud
1309 4192 1419 4258 sedem
1435 4191 1532 4274 ipsam

414 4304 540 4386 plenius
566 4304 791 4386 informarent,
816 4306 973 4390 nobisque
990 4304 1160 4386 referrent,
1186 4323 1248 4386 quc
1264 4323 1322 4386 per
1339 4295 1531 4366 informatio·

413 4432 486 4476 nem
502 4413 686 4508 huiusmodi
700 4414 881 4497 reperient3
907 4434 945 4478 ac
960 4412 1078 4479 deinde
1094 4433 1154 4494 per
1171 4432 1226 4477 eos
1243 4428 1339 4492 super
1356 4399 1530 4474 huiusmodi

414 4517 550 4586 infamia
565 4519 796 4587 informatione
816 4525 959 4605 recepta,
985 4519 1138 4604 dictoque
1154 4515 1307 4590 Johanne
1322 4510 1528 4598 postmodun,
