3174 5236
404 318 466 394 126
760 350 993 402 nrrtounoznr
1011 329 1180 400 anabusn.

401 507 599 592 matrimonij
617 507 722 586 factas
738 534 797 597 per
812 516 918 598 ipsum
934 513 1099 580 dominum
1114 517 1240 594 patrem
1266 515 1413 576 nostrum
1437 507 1514 572 dicto

401 615 532 681 domino
548 615 676 684 Karolo
691 619 759 686 tilio
776 622 878 706 Regis
893 621 1043 701 Francie,
1059 642 1099 684 sc
1116 618 1265 703 predicto
1297 617 1426 683 domino
1440 615 1514 698 Regi

401 719 564 808 Philippo,
580 725 671 790 cuius
687 728 758 810 ipse
774 751 949 813 germanus
975 729 1094 807 existit,
1110 726 1151 791 de
1182 723 1402 791 Comitatibus
1419 721 1517 789 Ande·

402 831 497 911 genie
513 837 546 895 et
562 830 769 916 cenomanie,
786 857 858 902 cnm
875 835 1069 916 hominibus,
1088 833 1232 912 vasallis,
1240 831 1517 917 jurisdictionibus,

400 935 530 1020 juribus
545 947 577 1004 et
592 940 800 1027 pertinentijs
816 945 965 1010 ominbus
981 941 1204 1007 Comitatnum
1229 941 1415 1014 eorundem,
1430 944 1517 1022 prout

403 1044 464 1111 hec
479 1046 588 1112 omnic
612 1048 645 1113 in
670 1049 824 1132 predictis
848 1050 967 1116 litteris
993 1050 1210 1129 continentur,
1239 1049 1398 1116 volumus.
1417 1044 1518 1111 landa·

404 1173 484 1236 mus,
500 1159 590 1219 ratas
606 1160 639 1219 et
654 1163 768 1238 gratas
783 1156 950 1239 habemns,
966 1165 1000 1222 et
1014 1165 1127 1223 tenore
1142 1156 1347 1239 presencium
1373 1151 1519 1238 approba·

404 1280 485 1343 mus,
501 1267 647 1326 nostrum
662 1262 695 1326 in
711 1263 866 1346 predictis
881 1264 1029 1330 omnibus
1055 1264 1149 1328 nobis
1175 1284 1213 1327 ex
1236 1264 1365 1346 integro
1381 1259 1521 1346 perlectis

404 1373 439 1431 et
453 1365 579 1449 plenius
595 1369 814 1452 intelligentes
828 1378 1014 1455 prestantes
1041 1391 1215 1436 assensum.
1246 1370 1294 1436 Et
1309 1369 1352 1436 ad
1378 1368 1520 1435 maiorem

404 1472 592 1540 firmitatem
607 1476 830 1559 predictorum
847 1498 905 1543 nos
922 1499 1015 1544 omne
1028 1478 1091 1562 jus,
1116 1477 1202 1560 qnod
1227 1478 1262 1542 in
1278 1477 1374 1542 dictis
1390 1475 1521 1541 Comita-

406 1584 495 1650 tibus
511 1603 568 1648 seu
582 1584 681 1648 terris
695 1583 942 1668 Andegauieet
959 1581 1158 1650 Cenomanie
1183 1605 1222 1650 ac
1247 1604 1358 1648 eorum
1373 1583 1521 1666 pertinen·

405 1689 464 1772 tijs
479 1690 600 1755 habere
616 1691 669 1755 uel
684 1700 796 1775 petere
811 1713 979 1776 possemus
994 1693 1030 1757 in
1045 1691 1191 1756 futurum
1202 1711 1396 1774 quacunque
1407 1689 1522 1753 ratione

407 1817 465 1862 scu
480 1817 588 1878 causa,
604 1797 702 1863 titulo
718 1797 772 1863 uel
787 1798 893 1881 modo,
919 1819 1071 1882 expresse
1095 1805 1129 1862 et
1143 1819 1202 1881 per
1231 1805 1374 1880 pactum,
1390 1817 1428 1861 ex
1442 1801 1521 1860 cens

408 1903 544 1968 scientia
559 1905 757 1972 remictimns
772 1912 806 1970 et
821 1907 995 1990 qnitamns,
1012 1927 1051 1970 ac
1066 1905 1189 1972 eisdem
1212 1904 1341 1988 juribus
1367 1903 1522 1970 renuntia·

407 2032 478 2078 mus
494 2012 630 2077 emnino.
661 2013 899 2080 Promictentes
924 2015 1010 2080 bona
1035 2013 1098 2078 fide
1122 2021 1156 2078 et
1171 2035 1210 2077 ex
1225 2021 1331 2096 pacto,
1346 2034 1406 2077 nos
1421 2017 1522 2078 contra

406 2118 571 2202 predictas
596 2121 812 2203 quitationem
837 2130 870 2187 et
904 2123 1186 2205 renuntiationem,
1210 2141 1269 2206 per
1294 2142 1354 2187 nos
1369 2119 1420 2184 vel
1435 2119 1522 2183 alium

407 2225 442 2289 in
457 2233 650 2310 perpetuum
665 2250 731 2294 non
748 2229 866 2312 venire,
890 2251 1012 2313 nosque
1036 2230 1071 2293 in
1101 2229 1256 2313 predictis
1272 2227 1483 2294 Comitstibus
1496 2231 1523 2287 et

408 2355 520 2399 eorum
534 2337 738 2420 pcrtinentijs
754 2336 855 2402 nichil
867 2338 954 2422 juris
970 2338 1011 2402 de
1028 2344 1135 2404 cetero
1150 2337 1339 2417 reclamare,
1356 2355 1413 2400 seu
1428 2332 1522 2397 facere

408 2443 586 2523 paralium
611 2443 794 2527 reclamari,
824 2466 883 2509 nos
914 2453 948 2510 et
978 2453 1099 2526 nostra,
1125 2445 1322 2527 heredesque
1347 2449 1473 2508 nostros
1487 2435 1522 2500 nd

408 2547 630 2630 predictorum
645 2552 893 2618 obseruanciam
908 2551 1083 2617 efficaciter
1098 2551 1293 2634 obligantes.
1317 2550 1524 2616 Rescmamns

409 2661 518 2720 tamen
543 2679 693 2741 expresse
708 2658 803 2724 nobis
833 2666 866 2724 et
897 2659 1017 2725 nostris
1047 2658 1233 2742 heredibus,
1248 2658 1337 2741 quod
1352 2679 1411 2741 per
1427 2655 1523 2720 huius-

410 2764 499 2829 modi
513 2771 660 2830 nostrum
675 2788 853 2848 assensum,
868 2767 1101 2846 remissionem,
1117 2767 1333 2850 quitationem
1351 2773 1383 2829 et
1399 2777 1521 2828 renunc·
1578 2837 1580 2852 λ

411 2870 583 2936 tiationem
599 2873 632 2936 in
649 2873 719 2938 inre
735 2876 930 2956 competenti
946 2875 1040 2940 nobis
1065 2881 1122 2940 ant
1147 2875 1365 2956 competitura
1381 2874 1414 2936 iu
1430 2868 1522 2954 prein-

411 2979 454 3042 tis
471 2977 690 3044 Comitatibns
706 3001 745 3045 ex
760 2982 865 3063 pactis
881 2982 951 3046 siue
968 2980 1237 3046 conuentionibus
1247 2980 1453 3063 supradictis,
1468 2973 1524 3040 nnl-

411 3085 478 3150 lum
493 3086 587 3153 nobis
602 3094 661 3151 aut
676 3087 798 3153 eisdem
813 3091 935 3153 nostris
959 3086 1135 3154 heredibus
1160 3087 1375 3170 preiudicium
1408 3104 1524 3168 genere·

411 3201 474 3260 tur.
513 3193 555 3257 In
587 3213 726 3275 quorum
756 3197 899 3260 omnium
929 3195 1150 3260 testimoninm
1179 3196 1386 3277 presentibus
1415 3191 1524 3258 licteris

411 3307 560 3364 nostrum
574 3297 709 3366 fecimus
740 3304 861 3386 apponi
885 3299 1038 3386 sigillum.
1063 3301 1186 3367 Datum
1211 3299 1353 3384 Neapoli
1374 3321 1456 3366 anno
1470 3299 1525 3364 Do

412 3407 493 3470 mini
509 3407 679 3476 millesimo
710 3409 930 3476 ducentesimo
953 3413 1163 3494 nonagesimo
1188 3413 1304 3493 quinto
1320 3408 1374 3473 die
1390 3409 1524 3474 uicesimo

414 3521 530 3580 octauo
545 3515 639 3583 lunii
654 3499 768 3582 octahe
785 3517 987 3600 indictionis,
1002 3515 1111 3600 Regni
1127 3517 1232 3582 nostri
1250 3537 1335 3582 anno
1352 3523 1476 3598 quarto.

520 3697 661 3761 (Eredetie
675 3698 850 3770 borhtrtyan
872 3696 1053 3763 vitriis-saliga
1074 3696 1311 3762 selyemzsindron
1337 3696 1424 3762 tilggo'
1448 3689 1525 3759 peciit

414 3785 494 3851 clatt,
504 3787 635 3852 melynek
645 3789 728 3853 egyilr
741 3787 975 3840 oldcltnlliartell
985 3788 1094 3859 Ktroly
1106 3787 1178 3838 mint
1187 3801 1304 3852 nragyar
1316 3787 1437 3836 horonts
1448 3783 1525 3843 kirtly

413 3878 544 3929 atronon
556 3880 594 3942 nl,
608 3879 1039 3932 holakorulirtssalolvashstt
1052 3877 1117 3945 meg
1131 3897 1182 3925 ι-
1214 3903 1248 3914 -
1282 3903 1313 3913 —-
1338 3871 1525 3927 Humanam·
1579 3937 1580 3940 Ἴ

413 3969 616 4020 onnnnrnr.
655 3971 700 4020 cn
738 3997 769 4008 -
809 3998 840 4009 -
881 3997 911 4008 -
953 3999 984 4009 -
1022 3969 1150 4019 eonon
1190 3995 1220 4004 -
1259 3995 1293 4004 -
1333 3995 1365 4006 .-
1406 3963 1526 4031 -‹;nt-

414 4060 457 4109 sik
476 4059 589 4110 ohlsltn
608 4075 625 4109 a
644 4061 736 4110 ketttts
754 4061 865 4112 kereszt
896 4060 1052 4123 taltltstilr,
1071 4076 1087 4110 a
1105 4059 1293 4109 kdrtilirtsbol
1312 4059 1378 4124 meg
1396 4052 1526 4108 unumst

414 4149 522 4202 leven»
562 4177 595 4187 -
635 4177 666 4186 -
708 4178 738 4190 -
778 4150 922 4201 -uola
942 4151 1041 4202 IERV.
1062 4151 1104 4199 Εὖ
1144 4175 1175 4185 -
1216 4175 1247 4185 -
1286 4172 1322 4182 -
1357 4142 1525 4206 -Qvnml

415 4238 608 4290 STEPHANI.
630 4240 738 4292 sauls
776 4267 807 4277 -
847 4265 879 4277 ·-
919 4267 951 4278 -
980 4258 1031 4284 —‹
1047 4254 1055 4303 ;
1073 4231 1525 4303 optrisinagyt'rsncziauemzeti
1560 4265 1568 4276 -

416 4329 611 4393 levtlttrban.)

900 4505 1060 4520 undu—nauata·
