3174 5236
1425 9 1581 240 Ἶ

419 558 644 643 principaliter
667 559 841 640 obligando
867 562 900 626 in
924 561 1018 626 libris
1035 567 1068 625 et
1084 583 1143 646 pro
1159 561 1255 626 libris
1270 566 1431 628 sescentis
1448 563 1532 628 dena·

417 666 745 734 riorumVenetorum
760 689 956 751 pannorum
972 669 1145 735 Bacchide
1162 667 1350 753 Grisogono
1368 671 1408 736 de
1425 669 1532 735 Mauro

419 775 499 841 ciuis
527 773 701 839 Jadrensis
725 773 940 854 fideiubondo,
964 781 997 840 et
1022 798 1056 840 se
1080 798 1142 859 pro
1166 779 1323 860 predictis
1347 785 1382 843 et
1400 779 1532 863 quolibet

419 884 641 968 predictorum
667 904 727 966 pro
745 883 833 948 dicto
852 882 979 949 Gemite
995 883 1141 968 Georgio
1158 887 1385 970 principaliter
1401 887 1534 968 obligan-

421 993 463 1058 do
488 1010 547 1075 pro
573 990 664 1056 libris
698 996 730 1056 et
755 993 790 1056 in
806 990 899 1058 libris
916 993 1163 1076 quadringentis
1178 994 1388 1060 denariorum
1404 994 1533 1062 Veneto·

421 1121 492 1166 rum
519 1119 716 1182 pa1·uorum;
740 1097 896 1164 Bivoldus
922 1101 962 1164 de
988 1101 1136 1180 Batone;
1161 1101 1272 1166 Micba
1288 1101 1411 1166 domini
1426 1099 1533 1166 Jecobi

420 1208 461 1272 de
487 1204 669 1286 Scolatura,
686 1212 720 1271 et
744 1205 938 1288 Stephanus·
952 1207 1029 1272 olim
1054 1207 1178 1274 Marini
1202 1209 1242 1273 de
1261 1208 1362 1288 Labe,
1381 1210 1466 1274 ciues
1482 1205 1533 1270 Ja-

421 1314 553 1379 drenses
581 1312 787 1379 fideiubcndo
815 1314 954 1397 quilibet
984 1336 1102 1397 eorum,
1128 1323 1161 1380 et
1186 1337 1219 1380 se
1244 1337 1305 1399 pro
1330 1314 1482 1400 predictis
1505 1321 1534 1379 et

420 1421 567 1504 quolibet
590 1421 809 1504 predictorum
835 1443 894 1506 pro
913 1422 999 1490 dicto
1016 1422 1144 1489 Gemite
1160 1421 1304 1506 Georgio
1320 1422 1533 1506 principaliter

420 1529 598 1612 obligando
614 1529 752 1613 quilibet
767 1551 880 1596 eorum
896 1550 957 1612 pro
973 1530 1067 1596 libris
1094 1533 1170 1595 etin
1180 1530 1274 1596 libris
1285 1531 1438 1596 trecentis
1449 1531 1535 1596 denu-

419 1638 542 1702 riorum
561 1635 763 1703 Venetorum
783 1657 978 1718 paruerum3
995 1643 1029 1702 et
1043 1659 1163 1720 omnes,
1179 1644 1212 1703 et
1228 1639 1368 1723 quilibet
1385 1660 1488 1704 eornm
1505 1659 1534 1702 sc

421 1743 607 1827 obliganda,
631 1751 667 1810 vt
691 1744 815 1810 dictum
840 1752 899 1825 est,
923 1747 1078 1829 solempni
1099 1746 1310 1830 stipulatione
1327 1746 1536 1829 promiserunt

421 1874 480 1936 per
506 1874 548 1934 se,
573 1859 607 1918 et
631 1874 742 1919 eorum
767 1859 801 1918 et
825 1855 997 1921 cuiuslibet
1012 1875 1123 1921 eornm
1140 1855 1277 1922 heredes
1293 1862 1327 1921 et
1342 1876 1535 1922 successores

420 1960 508 2026 dicto
534 1961 664 2026 domino
681 1948 834 2044 'Rogerio
862 1961 1061 2027 Maurcceuo
1086 1963 1230 2046 Egregie
1250 1962 1408 2028 Jadreusi
1424 1959 1534 2028 Cumiti

420 2068 590 2151 recipienti
628 2074 661 2133 et
690 2068 860 2152 stipulanti
887 2071 956 2134 vice
980 2077 1013 2134 ct
1038 2070 1167 2136 nomine
1192 2070 1271 2135 dicti
1290 2070 1419 2136 ‚domini
1443 2067 1535 2134 Ducis

422 2173 644 2256 Venetiarum,
671 2173 859 2240 Communis
884 2183 918 2241 et
943 2177 1108 2241 bominum
1134 2177 1358 2260 venetiarum,
1383 2183 1418 2240 rt
1434 2197 1534 2260 supra·

420 2285 645 2368 scriptumest,
655 2305 689 2349 se
699 2283 846 2350 facturos
862 2291 896 2350 et
910 2291 1095 2366 curaturos,
1110 2287 1197 2351 omni
1214 2285 1403 2369 exceptione
1413 2291 1534 2350 etocca

420 2391 509 2457 sione
520 2391 663 2471 remotis,
673 2388 888 2475 qnodOomes
906 2387 1069 2473 Georgius
1085 2398 1153 2457 tarn
1163 2413 1221 2456 suo
1231 2391 1360 2456 nomine
1371 2395 1532 2456 etsuorum

422 2499 597 2578 hominum,
622 2519 720 2581 qnam
737 2496 925 2564 Communis
942 2503 974 2563 et
990 2497 1155 2564 hominum
1171 2497 1315 2580 Amisit,
1330 2504 1365 2564 rt
1381 2497 1533 2582 supradic-

422 2613 491 2673 tum
516 2611 575 2684 cst,
599 2604 694 2671 firma
719 2612 752 2671 et
775 2612 851 2670 rata
875 2605 1009 2672 habebit
1033 2611 1067 2670 et
1092 2607 1278 2672 obseruebit
1302 2614 1336 2672 et
1355 2603 1535 2690 adimplebit

423 2713 531 2781 omnia
540 2719 574 2779 et
584 2713 712 2798 singida
729 2715 961 2798 suprascripta,
972 2720 1004 2779 et
1014 2713 1158 2799 quelibet
1173 2735 1293 2798 eornm,
1303 2719 1337 2783 et
1351 2737 1416 2780 uon
1431 2719 1535 2779 eontra

423 2821 522 2888 faciet
547 2821 596 2886 vel
615 2823 721 2886 veniet
729 2822 841 2904 aliqua
859 2823 994 2903 ratione,
1010 2823 1139 2906 ingenio
1156 2824 1224 2887 siue
1239 2843 1339 2888 eausa
1354 2819 1396 2888 de
1411 2823 1479 2887 inre
1493 2819 1533 2882 rel

422 2931 462 2996 de
470 2929 558 2996 iacto
575 2931 634 2996 sub
644 2930 735 3013 penis
745 2931 900 3013 predictis
909 2952 968 3013 per
978 2951 1033 2996 eos
1044 2936 1077 2995 et
1095 2929 1272 3012 quemlibet
1292 2950 1405 2996 eorum
1420 2948 1533 3012 expres

420 3038 465 3104 sis
493 3038 650 3122 solempni
675 3037 886 3121 stipulatione
909 3039 1085 3121 premissa,
1110 3041 1143 3102 et
1167 3036 1367 3120 obligatione
1404 3036 1532 3102 omniun
1578 3057 1579 3060 ¹

420 3146 580 3210 bonorum
610 3165 751 3226 suorum,
781 3153 814 3210 et
844 3143 1018 3210 cuiuslibet
1059 3165 1168 3209 eorum
1206 3165 1265 3228 pro
1308 3142 1532 3226 quantitatibus

421 3252 628 3335 supradictis,
637 3252 805 3317 mobilium
815 3259 849 3318 et
857 3251 1079 3334 immobilium,
1089 3253 1289 3335 presentium
1304 3256 1338 3316 et
1353 3248 1531 3317 faunorum.

421 3357 510 3427 Acta
535 3366 568 3427 et
592 3361 722 3426 firmata
747 3360 880 3426 fuerunt
903 3361 1052 3444 predicta
1077 3361 1186 3426 omnia
1211 3367 1245 3426 et
1269 3359 1398 3442 singula
1422 3358 1462 3424 ad
1478 3357 1531 3423 Ob·

421 3471 534 3548 roium‚
559 3468 671 3533 villam
686 3467 807 3534 Sancte
823 3469 930 3535 Marie
947 3467 1104 3533 Montana
1120 3467 1161 3532 de
1177 3469 1201 3535 J
1203 3467 1294 3550 adra,
1309 3469 1343 3532 in
1358 3467 1446 3551 logia
1461 3465 1531 3529 dicte

403 3575 504 3645 ¹rille.
521 3573 732 3642 Prestntibus
757 3576 921 3642 nobilibus
946 3575 1022 3640 viris
1048 3574 1187 3642 dominis
1215 3573 1295 3641 Vita
1320 3575 1360 3640 de
1386 3572 1494 3654 Cerne,
1507 3577 1532 3634 et

421 3684 556 3770 Merg'a
583 3683 745 3751 Michaele
772 3685 812 3750 de
829 3685 1015 3766 Veniaeses,
1043 3690 1075 3749 et
1098 3681 1227 3751 Jacobo
1252 3684 1293 3749 de
1308 3682 1493 3760 Zadollinis,
1507 3683 1531 3743 el

422 372 485 438 108
767 404 1001 450 urrnouaczmr
1026 393 1192 449 mutuus.

420 3793 507 3858 domi
521 3794 560 3858 de
579 3792 694 3876 Bogde
713 3793 754 3858 dc
772 3793 995 3872 chrcohena,
1017 3791 1157 3860 Volzina
1173 3793 1213 3858 de
1224 3790 1417 3872 Matasarto‚
1433 3786 1530 3856 Micba
1575 3843 1576 3846 ,

419 3900 578 3984 sicaris.
593 3900 756 3983 Gregorio
781 3901 869 3967 dicto
886 3899 1011 3966 Gresco
1038 3901 1078 3965 de
1095 3901 1233 3982 Boione,
1258 3900 1384 3966 ciuibus
1407 3895 1529 3966 Jadren·

417 4010 515 4094 sibus,
544 4015 578 4075 et
602 4010 676 4074 aliis
704 4009 852 4092 pluribus
879 4009 1017 4074 testibus
1044 4009 1088 4074 ad
1117 4009 1177 4074 hec
1206 4010 1329 4074 vocatis
1359 4013 1393 4073 et
1416 4002 1530 4089 rogatis
1574 4079 1575 4084 γ

526 4115 601 4200 Ego
626 4113 793 4181 Antonius
812 4116 977 4200 quondam
1003 4117 1192 4182 Rolanduxi
1211 4117 1251 4180 de
1266 4115 1426 4195 Bononia,
1441 4113 1531 4195 Inpe-

415 4223 491 4289 riali
519 4229 551 4288 et
579 4222 784 4289 Prefectoria
817 4227 1012 4290 auctoritate
1030 4225 1143 4292 Judex
1172 4231 1205 4290 et
1233 4223 1403 4304 Notarius,
1422 4219 1531 4306 predic

414 4331 624 4397 tisomnibus
640 4332 784 4413 interlui,
796 4339 871 4397 etvt
882 4333 1124 4417 supralegitur,
1137 4339 1272 4417 rogatus
1288 4331 1419 4418 publice
1431 4325 1529 4412 scripsi

414 4444 447 4510 et
463 4440 650 4524 subscripsi.

526 4583 561 4643 (A
574 4583 848 4636 »Liber·Psct0rum‹
864 4585 954 4636 czimi'r
968 4587 1108 4637 velenczei
1121 4585 1310 4648 aillamktinyr.
1328 4585 1378 4634 111.
1388 4585 1445 4634 ket.
1459 4576 1529 4648 (3.1.)

907 4730 1066 4738 -m-
