3244 5236
617 319 713 384 1339.
1166 329 1229 388 369

8 491 17 502 ”
98 503 164 562 tuta
178 495 271 563 vobis
288 503 400 577 partes
417 496 533 563 iudicis
564 498 738 563 ulteriores
771 519 944 580 assumere,
968 521 1026 564 nec
1043 503 1154 586 vigore
1170 509 1228 568 aut

98 605 263 670 occasione
279 625 392 670 earum
409 611 525 670 contra
541 605 646 672 dictos
663 603 810 672 dominos
836 629 922 673 meos
953 609 1130 692 procedere
1146 631 1224 694 quo-

7 697 8 762 ]
96 711 265 794 quomodo.
293 709 380 796 Quia
404 712 536 779 heodem
562 713 803 780 commissiones
820 722 895 780 sunt
921 715 1072 798 invalide,
1088 715 1178 784 nulle
1195 725 1227 783 et

96 819 215 885 nullius
240 821 363 904 vigoris
388 841 428 884 ex
443 821 547 886 causis
572 828 604 885 et
628 822 815 887 raciomlrus
841 821 1078 907 infrascriptis:
1114 823 1227 890 Primo

96 927 169 1009 quia
186 927 337 993 dominus
353 927 543 994 Kazimirus
559 927 632 993 Rex
643 928 790 1010 Polonie‚
802 935 878 996 ante
889 939 1016 1015 tempus
1031 936 1063 996 et
1079 939 1227 1015 tempore

94 1035 336 1118 impetracionis
352 1033 620 1120 Apostolicarum
644 1035 830 1102 litterarum
856 1038 964 1103 extitit
980 1044 1013 1116 et
1029 1047 1078 1102 est
1103 1059 1229 1104 excom·

6 1191 7 1216 2
95 1144 351 1209 municacionunr
378 1145 553 1210 sentenciis
579 1143 805 1226 multipliciter
830 1144 978 1210 irretitus
1003 1165 1042 1210 ex
1068 1167 1116 1227 eo,
1140 1147 1227 1228 quod

93 1251 159 1334 ipse
191 1251 357 1316 dominum
388 1252 574 1318 Johannem
605 1251 839 1336 presbyterum,
869 1253 924 1334 qui
949 1253 1068 1320 dicitur
1100 1252 1223 1320 Lector

93 1357 281 1442 (lypzensis,
298 1359 457 1426 violenter
474 1359 558 1443 oapi,
583 1358 780 1425 incarcerari
797 1365 829 1424 et
845 1381 904 1443 per
920 1360 1047 1444 aliquot
1063 1361 1133 1425 dies
1149 1381 1225 1444 cap·

5 1491 7 1536 5
93 1473 160 1534 tum
178 1466 212 1529 in
230 1466 368 1531 vinculis
400 1467 535 1532 detineri
567 1463 655 1546 fecit,
684 1463 849 1532 mandavit
882 1487 938 1532 seu
964 1472 1072 1532 ratum
1099 1465 1225 1534 habuit.

5 1661 6 1668 ἵ
93 1574 178 1640 Item
204 1582 353 1657 tempore
379 1595 443 1656 quo
470 1573 592 1639 domini
618 1574 680 1638 mei
708 1571 869 1658 Magister
894 1580 927 1640 et
953 1573 1071 1640 fratres
1089 1572 1224 1639 Ordinis

93 1681 274 1766 supradicti
290 1703 361 1746 cunr
379 1703 438 1747 sua
462 1683 622 1765 potencia,
639 1689 671 1747 et
688 1703 759 1747 cum
777 1682 898 1748 auxilio
914 1683 1083 1767 Magnifiri
1100 1679 1227 1747 Princi-

92 1790 142 1872 pis
159 1790 285 1855 domini
302 1789 465 1856 Johannis
480 1789 584 1873 Regis
602 1789 769 1870 Bohenrie
796 1791 851 1872 qui
884 1799 1022 1874 protunc
1038 1789 1222 1856 devocionis

4 1925 5 1954 z
93 1919 194 1964 causa
210 1897 450 1982 peregrinando
477 1898 508 1961 in
536 1895 696 1979 Prusvam
723 1897 910 1978 advenerat,
936 1899 970 1962 in
996 1899 1096 1963 terris
1112 1895 1225 1964 infide-

4 2059 5 2064 ,
92 2006 172 2072 lium
188 2026 392 2090 paganorum
410 2025 469 2088 pro
486 2005 631 2070 utilitate
663 2005 794 2087 publica
809 2005 886 2070 fidei
903 2004 1074 2070 Catholice
1091 2012 1221 2070 strenue

92 2111 276 2178 laborando
300 2121 444 2194 agereut,
470 2111 555 2177 idem
582 2111 731 2178 domiuus
764 2111 952 2178 Karimirus
968 2113 1040 2176 Rex
1057 2111 1223 2195 predictus

3 2209 5 2268 Ϊ
91 2242 164 2287 cum
182 2226 276 2304 patre
292 2240 350 2286 suo
367 2218 533 2302 quondam
559 2219 688 2285 domino
714 2219 924 2301 Wladisslao,
949 2226 981 2285 et
998 2241 1069 2284 cum
1086 2219 1223 2286 subditis

94 2337 125 2394 et
142 2328 276 2394 vasallis
303 2327 426 2392 domini
452 2323 596 2392 Janizlai
621 2324 872 2411 Archiepiscopi
898 2333 930 2392 et
954 2327 1101 2393 Ecclesie
1120 2322 1223 2413 Guevq

91 2439 210 2518 nensis,
227 2437 267 2502 de
283 2435 431 2518 consilio,
448 2455 583 2501 assensu
598 2457 636 2500 ac
652 2435 806 2501 mandato
817 2435 962 2502 eiusdem
974 2435 1223 2520 Archiepiscopi

3 2533 4 2544 ¹
91 2543 233 2610 Terram
265 2542 471 2609 culmensem
501 2543 723 2626 predictorum
754 2543 911 2627 Magistri
942 2550 976 2608 et
1005 2543 1154 2626 lratmm,
1185 2566 1223 2610 ao

91 2651 215 2717 domini
232 2647 416 2716 Oulvnensis
432 2649 597 2733 Episcopi,
614 2649 770 2716 violenter
785 2649 929 2732 intravit,
954 2657 987 2716 et
1012 2672 1084 2716 eam
1099 2651 1223 2734 rapinis

2 2739 3 2776 ³
90 2766 122 2824 et
139 2759 300 2824 incendiis
317 2756 493 2822 crudeliter
508 2756 696 2838 ‹levastavit,
712 2755 883 2823 libertates
899 2763 931 2822 et
947 2757 1117 2840 privilegia
1128 2757 1223 2823 dictis

90 2865 259 2950 Magistro
276 2872 310 2930 et
326 2864 485 2930 iratribus
502 2864 542 2929 ab
560 2863 754 2948 Apostolica
775 2861 860 2928 Sede
877 2863 1005 2929 indulta
1020 2870 1142 2930 temere
1158 2867 1223 2929 vio-

89 2974 202 3040 lando.
218 2972 270 3038 Ex
286 2994 425 3056 quorum
456 2973 645 3053 violacione,
671 2993 735 3038 non
752 2979 802 3037 est
817 2971 959 3054 dubium,
974 2970 1080 3039 dictos
1095 2971 1222 3056 Regem

2 3081 3 3084 ’
90 3091 122 3148 et
141 3081 436 3164 Archiepiscopum
451 3079 522 3164 ipso
540 3079 627 3146 facto
653 3079 1024 3146 excommunicacionum
1041 3081 1220 3144 sententias

2 3209 3 3221 *
88 3191 179 3256 latas
212 3188 473 3254 aSanctissimis
489 3188 644 3253 Patribus
669 3193 703 3253 et
728 3187 867 3252 dominis
892 3186 1056 3270 quondam
1073 3185 1221 3252 Honorio

89 3307 123 3366 ct
139 3299 334 3366 Alexandro
365 3297 523 3362 Romanis
555 3294 777 3374 Pontificibus,
810 3303 883 3360 eta
913 3295 1047 3362 (lancae
1073 3293 1130 3362 »Si
1148 3297 1222 3379 quis

89 3409 284 3488 suadente«,
301 3413 332 3471 et
349 3406 423 3470 aliis
440 3401 566 3470 iuribus
591 3401 750 3469 incidisse.
767 3402 851 3469 Item
877 3410 990 3487 postea
1016 3404 1102 3468 idem
1119 3403 1222 3469 domi·

87 3537 151 3580 nus
168 3512 359 3579 Karimirus
375 3509 447 3577 Rex
463 3511 628 3594 predictus
639 3511 884 3595 cumquondam
903 3519 1062 3595 scopata·
1073 3510 1221 3594 predicto

87 3624 129 3690 de
147 3623 285 3689 consilio
301 3629 334 3686 et
350 3643 422 3686 cum
439 3620 560 3686 auxilio
587 3620 665 3684 dicti
692 3620 815 3685 domini
832 3618 1032 3685 (lucanensis
1050 3616 1220 3702 Archiepi·

86 3732 193 3816 scopi,
208 3728 369 3795 adiunctis
385 3727 447 3794 sibi
463 3727 602 3812 paganis
618 3726 802 3792 infidelibus
820 3727 852 3791 in
870 3727 1098 3793 detrimentum
1109 3725 1220 3809 populi

86 3839 273 3905 Christiani
304 3844 336 3903 et
367 3835 558 3901 obrobrium
582 3833 659 3902 fidei
686 3834 853 3901 (latholioe
879 3840 985 3900 terras
1015 3832 1220 3899 dominorum

2 4017 3 4020 ,
84 3947 248 4031 Magistri
265 3953 295 4010 et
311 3944 453 4010 fratrum
482 3942 710 4028 predictorum,
742 3965 780 4009 ac
806 3941 927 4006 domini
944 3941 1128 4006 (tulmensis
1143 3941 1220 4024 Epi-

83 4054 201 4139 scopi;
217 4053 368 4119 videlicet
385 4053 601 4134 Oulmeusem,
617 4051 864 4130 'lavlvoviensem
880 4049 1005 4132 rapinis
1015 4056 1047 4114 et
1066 4047 1221 4113 incendiis

2 4151 3 4154 ¹
82 4187 161 4230 cum
179 4160 292 4226 hostili
308 4158 503 4228 crudelitate
519 4161 669 4242 vastavit,
685 4167 716 4224 et
734 4161 921 4224 innumeros
937 4158 1106 4239 utriusque
1124 4177 1219 4222 sexus

82 4271 237 4339 homines
254 4277 322 4336 tam
338 4269 474 4336 clericos
506 4290 604 4352 quam
635 4268 737 4333 laicos
769 4290 828 4351 per
853 4287 969 4332 ananus
986 4263 1218 4331 execrabiliurn

82 4401 304 4466 paganorum,
321 4401 403 4463 quos
420 4379 518 4443 iidem
535 4377 613 4442 Rex*
624 4383 655 4442 et
687 4375 964 4459 Archiepiscopus
981 4372 1221 4438 advocaverant

79 4487 247 4575 quosdam
280 4487 397 4552 abduci
430 4487 515 4568 lecit,
540 4484 695 4569 quosdam
728 4505 801 4550 vero
834 4482 1012 4548 crudeliter
1045 4481 1221 4572 trucidare.

198 4624 261 4660 arcs.
277 4623 357 4662 uuae.
374 4623 443 4660 avar.
462 4633 503 4644 -—-
520 4623 588 4658 ,vcra
606 4623 665 4658 rxr.
682 4625 700 4658 ι.
1072 4594 1114 4656 24
