3222 5240
624 321 718 382 rasa
1170 271 1242 381 '405
1294 331 1324 368 ·.
1425 363 1427 368 s

94 495 284 564 crederetur
300 496 459 565 aduentus
474 495 587 564 Incliti
615 495 716 580 Regis
743 494 798 562 Vn
814 495 914 580 garic,
939 495 1074 580 eiusque
1102 495 1239 562 alterins
1293 517 1297 522 ·
1370 578 1374 586 ι

97 605 253 690 filiorum,
269 607 303 673 in
319 606 489 692 Regnum3
506 606 629 674 armari
646 602 875 670 mandauimus
901 601 934 669 in
954 603 1105 687 qualibet
1121 604 1237 671 ciuita-
1253 659 1278 670 ,λ
1457 623 1458 628 ¹

98 723 170 780 tum
185 713 377 797 Brundusii,
393 712 539 797 Tarenti,
555 711 646 794 Bari,
673 710 864 792 Vescarum,
880 716 914 775 et
930 708 1033 776 Terre
1048 709 1164 778 Baroli
1179 703 1250 795 gs·-

99 821 185 887 leam
201 841 296 888 ruam
312 821 352 888 de
369 819 621 901 Prothontinis,
647 819 784 898 comitis,
808 817 994 902 nauclerijs,
1023 817 1190 903 proderijs
1203 828 1237 884 et
1298 853 1311 882 -.
1350 799 1357 810 ’
1459 804 1467 822 ’

102 929 253 1014 remerijs
269 928 442 996 cuiuslibet
457 927 681 1012 predictarum
698 924 880 993 ciuitatum
896 933 930 992 et
947 931 1044 1008 terre,
1061 925 1235 993 satisfacto

103 1039 253 1121 personis
283 1039 366 1122 ipsis
395 1036 544 1104 omnibns
576 1037 617 1102 de
644 1037 751 1121 gagijs
777 1041 811 1102 et
826 1037 990 1103 consuetis
1016 1035 1090 1102 aliis
1116 1037 1236 1102 mensis

105 1146 201 1210 vuitus
215 1145 260 1210 ad
276 1146 435 1229 speciales
460 1151 592 1211 nostras
623 1145 757 1211 lieteras
787 1149 964 1229 prepterea
995 1145 1090 1211 uobis
1110 1142 1238 1229 lactas,

104 1250 185 1318 dum
200 1257 310 1320 autem
326 1274 406 1337 opus
422 1273 487 1319 non
503 1252 597 1333 foret,
612 1259 691 1319 tnnc
702 1252 835 1318 seruitio
845 1272 1058 1336 personarum
1079 1253 1238 1336 ipsarum,

99 1381 163 1443 que
179 1363 279 1428 certis
295 1369 404 1429 tamen
419 1362 534 1430 diebns
551 1364 742 1442 semineret,
768 1369 805 1428 nt
820 1345 911 1428 inira
930 1360 1136 1443 describitur,
1153 1359 1236 1427 Pra-

99 1468 245 1536 thontini
260 1470 405 1553 ipsarum
438 1468 617 1537 Terrarum
642 1476 876 1552 conuenerunt,
900 1474 977 1535 tunc
1002 1488 1075 1538 cum
1092 1461 1236 1535 Ademi-

99 1577 150 1642 rio
165 1577 319 1644 Romano
335 1577 377 1644 de
394 1575 512 1646 Scalea
527 1577 608 1644 dicti
623 1577 731 1662 Regni
746 1578 855 1644 nostri
876 1575 992 1644 Sicilie
1008 1577 1235 1645 Viceamirata

99 1691 132 1750 et
146 1683 283 1752 Marino
299 1682 403 1752 (losse
434 1683 475 1750 de
492 1684 592 1772 Iscla‚
607 1684 766 1752 militibus
783 1684 1017 1770 recipientibus
1036 1705 1097 1768 pro
1122 1691 1236 1752 nestra

41 1855 49 1862 .
99 1791 214 1873 Curia,
230 1793 436 1878 presentibus
460 1792 552 1860 vebis
569 1815 625 1861 seu
650 1800 793 1862 vestrum
819 1795 922 1862 altere
938 1815 998 1878 pro
1014 1801 1110 1878 parte
1126 1814 1234 1877 persc-

101 1923 217 1970 uarnm
233 1903 388 1986 ipsarum,
404 1902 541 1987 quilibet
568 1901 692 1968 scilicet
706 1923 767 1987 pro
783 1903 919 1968 churma
934 1910 1023 1968 terre
1039 1901 1232 1970 Prothonli·

1 2086 2 2089 Ἴ
101 2017 200 2078 natus
216 2012 297 2096 eius,
312 2011 400 2094 qued
416 2009 475 2078 ubi
491 2011 681 2095 suppleatur
697 2015 731 2076 et
756 2013 904 2078 soluatur
929 2033 987 2094 per
1004 2018 1152 2076 nostram
1168 2009 1232 2075 On-

100 2119 185 2186 riam
202 2118 246 2202 id,
256 2118 344 2201 quod
354 2118 514 2200 contingit
530 2139 688 2201 personas
704 2119 793 2202 ipsas
809 2140 869 2203 pro
886 2124 1033 2202 tempore
1043 2139 1101 2184 sen
1117 2116 1233 2184 diebus

100 2225 220 2308 quibus
235 2227 429 2306 seruierunt,
445 2230 480 2291 vt
495 2227 685 2310 predicitur,
700 2232 875 2293 teneantur
891 2233 925 2293 et
943 2226 1085 2292 debeant
1108 2227 1231 2293 seruire

1 2330 2 2334 ’
100 2340 134 2399 et
149 2334 310 2420 nauigare
326 2354 463 2418 persone
489 2335 558 2418 ipse
583 2335 617 2400 in
642 2333 747 2418 galeis
772 2336 891 2401 nostris
914 2355 974 2420 pro
991 2335 1113 2400 nestris
1131 2337 1232 2400 serni-

99 2441 156 2526 tijs
171 2442 216 2508 ad
232 2447 344 2526 partes
369 2438 545 2508 Sclaucnie
570 2461 680 2508 mense
706 2465 766 2510 vno
793 2444 932 2527 integro,
948 2465 1007 2528 pro
1024 2464 1090 2528 quc
1106 2441 1168 2508 luit
1184 2443 1231 2508 eis

100 2549 141 2616 de
156 2550 304 2633 ipserum
336 2550 444 2634 gagijs
470 2556 502 2614 et
527 2553 691 2616 consuetis
716 2551 801 2635 alijs,
817 2559 853 2617 vt
869 2553 991 2619 dictum
1008 2559 1067 2634 est,
1084 2548 1233 2617 satisfac-

99 2665 178 2724 tum.
195 2655 279 2724 Cum
295 2657 406 2742 itaque
421 2655 570 2741 prefatus
585 2658 658 2724 Rex
675 2658 822 2745 Vrgerie
839 2663 973 2745 eiusque
987 2661 1129 2726 filiorum
1146 2657 1232 2724 alter
1316 2751 1317 2754 Ἴ

1 2789 2 2794 ¹
98 2767 242 2834 iaciente
258 2763 401 2830 Domine
419 2770 497 2830 sunt
512 2765 554 2832 de
570 2767 719 2850 proximo
736 2769 768 2832 in
786 2767 909 2835 dictum
927 2767 1080 2852 Regnum
1095 2767 1233 2848 venturi,

1 2928 2 2955 ,
99 2874 302 2956 velimusque
318 2872 439 2957 armarj
457 2872 575 2939 debere
591 2876 624 2939 in
640 2875 762 2942 eisdem
789 2875 989 2943 Ciuitatibus
1006 2883 1039 2941 et
1053 2884 1145 2941 terra
1160 2895 1232 2957 pre·

1 3009 2 3012 ¹
99 2983 208 3050 dictas
225 2981 338 3067 galeas
353 2980 394 3046 de
409 2984 560 3065 personis
575 2984 779 3068 requirendis
799 3007 858 3068 per
873 2983 1053 3068 predictum
1068 2982 1233 3052 Viceemi·

1 3121 2 3124 ¹
99 3099 209 3158 ratum
235 3087 345 3174 Regni
370 3087 491 3176 Sicilie,
517 3093 573 3177 qui
600 3113 730 3178 preesse
755 3092 853 3158 debet
877 3092 957 3175 ipsis
988 3091 1092 3175 galeis
1109 3097 1142 3168 et
1158 3088 1233 3173 alijs

1 3263 2 3268 ,
100 3199 280 3284 armandis,
296 3205 472 3283 prepterea
488 3201 530 3266 ad
548 3207 659 3284 partes
679 3202 768 3285 ipsas
794 3199 917 3286 Apulie
934 3203 1062 3266 nouiter
1080 3199 1237 3264 ueniensl

1 3315 2 3320 ’
100 3307 193 3375 vobis
220 3327 372 3391 expresse
387 3307 593 3391 precipimus,
625 3315 791 3391 quatenus
806 3307 850 3376 ad
866 3308 1113 3392 requisitionem
1132 3306 1234 3390 ipsius

101 3414 320 3485 Viceamirati
346 3414 386 3480 de
411 3435 606 3500 quacunque
632 3416 771 3501 pecunia
796 3421 907 3484 nostre
925 3415 1023 3482 Curie
1039 3436 1099 3499 per
1116 3435 1233 3480 manus

101 3530 230 3592 vestras
260 3526 395 3592 sistente
426 3524 476 3589 vel
508 3523 629 3606 futura,
661 3526 799 3593 soluatis
832 3525 1069 3604 Prothontinis,
1096 3525 1234 3603 comitis,

1 3649 2 3652 ¹
100 3632 288 3717 nauclerijs,
306 3631 466 3716 prederijs
483 3638 516 3698 et
532 3633 680 3717 remerijs
697 3633 873 3702 cuiuslibet
889 3631 1071 3700 Ciuitatum
1087 3637 1120 3698 et
1130 3631 1234 3696 Terre

1 3809 2 3812 ,
101 3742 249 3827 predicte
264 3739 381 3806 Bareli
397 3760 510 3806 eorum
527 3741 625 3823 gagia
642 3747 675 3806 et
690 3747 843 3809 consueta
859 3743 925 3809 alie
950 3763 1010 3826 pro
1043 3737 1233 3821 subscriptis

1 3838 2 3843 ἵ
102 3849 226 3930 diebus,
257 3846 374 3931 quibus
405 3869 517 3914 eorum
548 3849 694 3934 quilibet,
720 3856 755 3915 vt
771 3851 961 3935 predicitur,
987 3848 1173 3916 seruiernnt
1189 3843 1232 3908 ad

102 3958 258 4038 rationes,
273 3955 317 4022 ed
334 3976 415 4038 quas
433 3955 478 4023 cis
494 3978 554 4039 per
570 3978 627 4024 ucs
643 3957 777 4026 luerunt
802 3959 890 4025 dista
916 3956 1014 4041 gagia
1031 3962 1063 4021 et
1080 3957 1233 4019 consuete

102 4067 169 4134 alia
184 4065 228 4132 ad
245 4071 374 4130 noscas
393 4063 559 4148 predictas
576 4065 709 4134 lieteras
725 4065 877 4148 exoluta3
902 4065 1053 4131 videlicet
1072 4057 1235 4127 Prothou-

102 4174 171 4241 tino
188 4179 221 4239 et
246 4172 393 4258 personis
425 4171 499 4256 alijs
532 4169 689 4240 Ciuitatis
714 4172 849 4242 Tarenti
874 4196 935 4259 pro
961 4171 1076 4239 diebus
1102 4166 1235 4252 viginti3

103 4280 326 4351 Prothontino
343 4286 377 4346 et
392 4281 539 4364 personis
556 4279 734 4368 Brundusij
759 4306 818 4367 pro
845 4283 959 4351 diebus
976 4279 1134 4358 sedecim,
1151 4274 1235 4342 Pro-

103 4391 254 4459 thontinc
285 4392 319 4454 et
350 4387 500 4472 persenis
531 4385 686 4456 Ciuitatis
712 4390 793 4475 Barj
812 4414 870 4475 pro
899 4393 1013 4461 diebus
1039 4389 1170 4463 decem,
1196 4404 1235 4449 ac

105 4497 327 4568 Prothontine
343 4499 377 4562 et
391 4498 541 4580 personis
558 4493 659 4562 Terre
676 4498 792 4565 Barcli
809 4521 869 4583 pro
895 4501 1008 4567 diebus
1025 4507 1109 4579 ceto,
1123 4514 1236 4582 perso·

1 4590 2 4593 Ἴ
148 4637 249 4678 norun
266 4633 349 4672 susc.
364 4633 431 4674 mss.
448 4642 492 4654 —
509 4634 574 4672 nors
592 4633 651 4672 uxr.
667 4635 685 4670 1.
1088 4612 1129 4676 ‘20
