3222 5240
421 381 485 445 322
667 463 670 472 Ι
775 388 1009 446 nruuonsezrnr
1027 377 1196 445 unirer.

418 560 558 640 credie,
583 561 617 623 in
641 557 870 626 serenissimos
896 559 1071 642 Principes
1096 559 1262 625 dominum
1287 556 1450 624 Karolum
1477 580 1541 623 nos
1604 625 1605 640 ,

416 670 503 732 trum
522 688 678 750 generum
698 667 902 736 carissimum
919 665 1044 752 Regem
1060 667 1233 752 Hungarie
1248 688 1308 751 pro
1325 675 1421 752 parte
1436 673 1541 732 nostra
1604 667 1605 720 Ῡ

418 774 567 855 electum,
593 781 626 841 et
651 775 817 842 dominum
841 777 1029 844 Johannem
1053 775 1181 862 Regem
1206 775 1365 842 Bohemie
1381 796 1439 859 pro
1455 785 1543 860 parte
1603 787 1605 858 t

419 879 536 950 fratris
560 884 683 951 Luderi
702 891 735 950 et
760 907 893 952 suorum
918 886 1059 952 fratrum
1090 885 1246 969 predictis
1265 885 1404 951 electum
1427 905 1544 950 exnunc
1604 943 1605 978 ,

419 997 519 1074 prout
543 997 663 1058 extunc
687 995 979 1078 compromittimus
1005 994 1092 1060 omni
1112 993 1188 1059 dolo
1205 999 1237 1059 et
1251 991 1368 1059 fraude
1384 997 1543 1076 posterga·
1603 981 1605 998 ¹

419 1099 480 1164 tis:
504 1101 732 1183 promittentes
758 1109 889 1186 gratum
914 1108 947 1168 et
972 1109 1080 1168 ratum
1106 1108 1226 1182 tenere,
1254 1122 1292 1167 ac
1319 1101 1544 1167 inuiolabiliter
1603 1127 1605 1192 3

420 1207 605 1291 obseruare,
631 1209 792 1294 quidquid
817 1233 876 1296 per
901 1211 1091 1280 iamdictos
1117 1211 1266 1279 dominos
1290 1210 1400 1294 Reges
1419 1209 1544 1275 insimul
1604 1205 1605 1216 ’

421 1321 453 1381 et
479 1317 684 1384 concorditer
707 1316 810 1383 fuerit
833 1318 1037 1400 mandatum,
1052 1318 1186 1400 factum,
1202 1318 1397 1400 ordinatum,
1425 1323 1543 1383 senten-

421 1425 543 1492 ciatum
568 1433 601 1492 et
625 1428 875 1510 pronunciatum
900 1448 998 1511 super
1024 1425 1146 1512 Terris,
1177 1425 1315 1512 Castris,
1342 1423 1545 1503 ciuiutibus,

420 1531 635 1602 Districtibus
661 1543 695 1601 et
709 1535 784 1620 alijs
800 1537 1050 1621 quibuscunque
1066 1543 1099 1603 et
1114 1537 1289 1621 premissis
1304 1542 1402 1620 prout
1415 1536 1448 1600 in
1463 1530 1545 1601 audi·
1603 1579 1605 1588 ι

425 1643 517 1708 encia
541 1643 764 1727 predictorum
784 1644 990 1711 dominorum
1006 1644 1180 1729 Hungarie
1197 1651 1231 1708 et
1246 1643 1408 1711 Bohemie
1425 1643 1545 1727 Regum
1603 1683 1605 1736 j

422 1769 481 1833 per
505 1772 564 1816 nos
591 1756 624 1817 et
639 1751 775 1818 fratrem
791 1752 960 1820 Luderum
975 1759 1192 1822 memoratum
1208 1753 1325 1819 eteius
1346 1751 1544 1818 Conuentum

422 1855 522 1924 fuerit
546 1860 674 1943 plenius
695 1861 908 1928 declaratum.
924 1861 1170 1928 Renunciantes
1186 1860 1273 1927 omni
1290 1861 1424 1942 accioni,
1439 1878 1545 1940 excep·

422 1965 507 2032 cioni
533 1967 614 2032 iuris
639 1977 671 2034 et
697 1968 786 2052 facti,
811 1971 1039 2054 appellacioni,
1055 1969 1316 2052 contradictioni,
1348 1975 1383 2034 et
1398 1967 1473 2052 alijs
1489 1968 1545 2030 sin·
1604 2053 1605 2056 Ἴ

423 2073 508 2158 gulis
527 2082 559 2139 et
570 2075 731 2142 uniuersis
747 2076 910 2158 clausulis,
927 2097 990 2160 que
1005 2083 1138 2161 possent
1153 2075 1338 2143 adiuueniri
1354 2097 1413 2160 per
1429 2071 1547 2138 subtili·

423 2188 526 2248 tatem
546 2183 589 2250 ad
606 2185 838 2267 inpeditiouem
855 2188 943 2251 circa
959 2187 1120 2269 premissa
1136 2191 1170 2250 et
1185 2185 1297 2269 aliqua
1313 2185 1546 2268 premissorum·
1604 2219 1605 2242 2

424 2289 650 2377 Addicientes,
677 2295 764 2375 quod
788 2294 815 2358 si
839 2295 981 2378 predicti
1001 2293 1124 2360 domini
1139 2292 1248 2377 Reges
1274 2293 1324 2358 vel
1341 2291 1426 2357 alter
1442 2309 1547 2356 eorum
1604 2347 1605 2352 ,

424 2399 591 2465 voluntate
617 2400 667 2467 vel
692 2403 881 2484 inpotencia
919 2401 1069 2486 predicto
1095 2400 1214 2468 abitrio
1241 2422 1296 2466 seu
1323 2399 1547 2484 compromisso
1603 2395 1605 2448 ἶ

424 2506 642 2588 personaliter
672 2509 832 2574 interesse
857 2530 923 2573 non
948 2516 1075 2594 posset;
1115 2515 1233 2574 externe
1265 2505 1452 2590 Principale
1467 2507 1547 2590 ipso·
1603 2583 1605 2600 Ι

426 2632 498 2679 rum
515 2615 697 2682 eonsilium
713 2618 785 2682 loco
802 2625 835 2683 et
850 2619 979 2683 nomine
1004 2638 1116 2685 eorum
1143 2617 1186 2683 ad
1203 2616 1440 2701 expeditionem
1455 2621 1486 2680 et
1501 2613 1549 2678 de-

426 2724 692 2788 terminacionem
719 2725 928 2808 negociorum
959 2725 1180 2809 predictorum
1216 2726 1357 2809 petimus
1388 2721 1549 2790 destinari.
1603 2807 1604 2812 ἵ

427 2829 523 2915 Quod
540 2830 670 2914 quidem
696 2832 875 2899 Consilium
901 2833 1061 2916 quidquid
1086 2855 1184 2918 super
1215 2833 1360 2918 negocijs
1386 2853 1494 2899 coram
1511 2831 1550 2914 ijs
1603 2853 1604 2858 ¹

426 2941 608 3025 propositis
625 2937 841 3023 decreuerint‚
857 2962 922 3007 non
940 2941 1090 3026 partibus
1107 2942 1165 3007 sed
1181 2928 1318 3026 prefatii
1336 2940 1475 3007 dominis
1491 2939 1551 3004 Re·
1602 2947 1604 3004 f

425 3049 520 3130 gibus
536 3047 660 3115 referre
676 3055 870 3132 teneantur;
895 3056 928 3114 et
954 3049 1113 3133 quidquid
1138 3050 1307 3116 memorati
1335 3047 1442 3132 Reges
1458 3069 1551 3131 super
1603 3063 1604 3074 *

427 3162 573 3223 tractatu
590 3156 752 3224 dictorum
768 3180 902 3224 suorum
934 3155 1202 3224 Consiliariorum
1228 3158 1360 3225 insimul
1376 3164 1409 3222 et
1425 3178 1551 3222 concor·
1603 3165 1604 3168 ’

427 3264 512 3329 diter
538 3266 834 3352 pronunciauerint,
861 3267 1061 3333 dictauerint
1092 3272 1126 3333 et
1157 3266 1375 3332 diffiniuerint
1400 3264 1506 3346 modo,
1522 3269 1551 3326 rt

427 3393 544 3457 supra3
561 3380 671 3441 ratum
682 3383 714 3440 et
723 3383 853 3460 gratum
869 3376 1044 3444 obseruare
1060 3375 1296 3443 inuiolabiliter
1313 3374 1550 3460 spopondimus.
1602 3385 1604 3462 J

401 3477 406 3483 “
428 3479 583 3548 Preterea
599 3486 627 3549 si
643 3507 682 3550 ex
698 3486 911 3570 permissione
927 3485 1059 3568 Didius,
1084 3485 1174 3569 quod
1191 3486 1286 3564 absit,
1302 3486 1336 3549 in
1352 3491 1491 3566 utroque
1507 3479 1550 3546 rel
1602 3473 1603 3552 ξ

426 3588 531 3656 altero
548 3592 769 3675 predictorum
786 3593 989 3660 dominorum
1015 3594 1143 3679 Regum
1169 3593 1258 3659 infra
1282 3598 1411 3677 tempus
1427 3599 1551 3675 treuge·

427 3719 500 3764 rum
516 3722 575 3784 per
592 3699 674 3766 alias
699 3700 826 3768 litteras
859 3708 987 3769 nostrae
1013 3707 1254 3787 conceptarum,
1269 3699 1395 3784 aliquid
1411 3699 1550 3766 hunmni·
1601 3705 1603 3722 '

426 3814 480 3873 tus
497 3809 690 3892 contigerit3
714 3830 799 3893 pars,
816 3810 906 3876 cuius
924 3811 1050 3877 arbiter
1076 3810 1262 3891 decesserit,
1279 3809 1380 3875 alium
1395 3807 1468 3875 loco
1485 3807 1551 3872 sub·

426 3912 507 3996 lati,
539 3937 636 3998 quem
667 3916 838 4000 maluerit,
870 3918 992 4003 eligere
1018 3926 1052 3984 et
1084 3920 1282 3986 substituere
1312 3917 1399 3984 infra
1430 3921 1550 4000 tempus

426 4033 617 4109 treugarum
633 4027 675 4092 ad
693 4025 854 4111 explenda
871 4028 960 4095 dicta
976 4029 1110 4112 negocia
1126 4035 1287 4094 teneatur.
1298 4027 1349 4093 De
1367 4028 1419 4093 die
1436 4049 1509 4094 vero
1524 4031 1551 4086 et

425 4130 498 4200 loco
512 4134 610 4200 dictis
625 4135 771 4218 Regibus
789 4137 1000 4202 conueniendi
1017 4137 1058 4202 ad
1077 4138 1299 4220 cognicionem
1314 4142 1348 4202 et
1363 4135 1550 4202 determina·

427 4243 553 4309 cionem
569 4246 809 4328 premissorum,
827 4245 1003 4311 eorundem
1020 4244 1225 4312 dominorum
1239 4245 1369 4328 Regum
1386 4242 1550 4330 Hungurie
1601 4231 1602 4306 ζ

427 4357 460 4416 et
476 4349 635 4418 Bohemie
660 4351 799 4419 arbitrio
810 4352 959 4422 duximus
986 4353 1260 4421 committendum
1276 4352 1383 4419 Porro
1399 4349 1550 4438 promitti·

428 4479 499 4524 mus
516 4459 736 4544 personaliter
763 4460 811 4526 vel
836 4483 894 4546 per
920 4468 1068 4528 nostrum
1095 4461 1273 4529 Consilium
1300 4461 1332 4526 in
1360 4460 1432 4527 loco
1452 4469 1484 4527 et
1499 4459 1550 4534 uie,

424 4565 479 4632 rbi
493 4566 572 4630 dicti
588 4568 710 4633 domini
726 4565 834 4651 Reges
845 4570 1207 4654 conueneriut,absque
1218 4570 1304 4636 omni
1315 4571 1424 4652 specie
1435 4568 1550 4634 fraudis
1600 4587 1602 4628 ς
