3174 5236
421 295 461 354 96
722 307 725 314 ’
772 312 1005 358 oreuounczmr
1025 294 1195 361 nucinum

419 469 556 552 benigue
584 472 784 553 respicimus,
811 473 929 556 illeque
955 476 1153 556 prornicrum
1187 473 1364 555 largitione
1394 471 1528 539 munifica

416 597 669 658 compensamus,
680 601 735 642 eos
751 580 784 642 iu
802 580 947 644 solidiori
966 581 1139 644 deuotione
1149 581 1324 660 firmamus
1335 585 1369 645 et
1378 579 1461 645 adid
1473 577 1529 643 ani·

421 703 545 747 mamus
562 683 645 747 alios
660 705 721 766 per
738 687 929 768 exemplum.
947 683 1204 752 Considerantes
1220 688 1323 770 igitur
1343 687 1529 753 deuotiouem

418 792 587 873 sinceram,
604 813 701 876 quam
716 795 764 860 vir
779 795 898 860 nobilis
919 795 1042 860 Paulus
1068 792 1200 860 Oroatis
1224 796 1455 879 Delmatisque
1477 791 1530 858 lle·

418 920 487 983 nus
506 898 670 984 Georgius
686 907 719 966 et
734 902 983 986 Maladynensis
1000 901 1145 969 Comites
1169 903 1292 968 fratres
1309 905 1378 970 eius
1394 920 1530 986 eugenos

419 1015 580 1090 generunt
596 1007 637 1071 ab
653 1009 740 1088 olim,
757 1015 789 1074 et
805 1017 923 1093 gerunt
939 1009 1076 1092 assidue,
1102 1011 1315 1076 ostendentes
1332 1011 1430 1076 etiam
1446 1013 1531 1092 grata

420 1114 564 1198 ipsorum
590 1113 747 1198 obsequia
771 1117 865 1180 nobis
899 1116 1055 1181 hactenus
1082 1118 1229 1200 prestita,
1245 1125 1279 1182 ct
1303 1138 1367 1198 que
1398 1121 1531 1200 prestere

416 1226 573 1305 poterunt
588 1223 621 1284 iu
636 1219 800 1288 futurum:
816 1223 855 1287 de
873 1223 1005 1306 speciali
1031 1225 1138 1306 gratia
1154 1230 1187 1289 et
1212 1231 1303 1289 certa
1319 1224 1452 1289 scientia
1466 1243 1529 1287 mn·

420 1329 573 1405 cedimus,
590 1329 705 1394 damus
732 1337 765 1394 et
781 1330 1007 1396 confirmamus
1023 1331 1144 1396 eisdem
1170 1331 1338 1416 fratribus,
1363 1338 1395 1396 et
1418 1329 1531 1395 heredi-

418 1438 477 1501 bus
493 1457 531 1500 ac
547 1439 786 1502 successoribus
803 1439 947 1519 ipsorum
975 1438 1221 1522 quibuscunque
1252 1461 1292 1504 ex
1322 1441 1370 1504 eis
1399 1437 1531 1519 legitime

417 1542 694 1622 descendentibus,
719 1544 752 1606 in
778 1549 973 1627 perpetuum
1011 1547 1222 1609 tenimentum
1262 1567 1318 1610 seu
1348 1545 1533 1609 territorium

417 1648 644 1733 Dyesnich
669 1650 845 1734 vulgantes
869 1652 1079 1735 appellatum,
1095 1674 1153 1717 nec
1184 1675 1248 1718 non
1273 1653 1455 1736 progeniem
1483 1671 1530 1714 seu

417 1759 656 1840 generationem
681 1779 742 1842 que
768 1767 901 1824 vocatur
932 1757 1178 1842 Suczanmy
1203 1765 1236 1824 et
1260 1759 1376 1840 Pset,
1400 1779 1460 1842 que
1486 1761 1529 1820 est

417 1863 509 1929 iuxta
524 1865 725 1930 territorium
742 1865 934 1947 predictum,
950 1871 982 1931 et
999 1866 1119 1931 abinde
1138 1864 1293 1946 usquead
1311 1865 1450 1928 confinia
1460 1863 1529 1927 Pro

417 1970 524 2036 uincie
541 1991 604 2052 que
629 1973 749 2036 dicitur·
764 1973 887 2037 Bosna.
920 1972 1136 2037 Concedimus
1152 1973 1252 2036 etiam
1269 1980 1302 2036 et
1317 1972 1432 2035 damus
1447 1969 1531 2034 dictis

417 2075 575 2144 fratribus
591 2085 623 2143 et
638 2079 793 2163 predictis
818 2080 992 2145 heredibus
1018 2101 1129 2145 eorum
1155 2081 1194 2144 de
1221 2079 1380 2144 Obroatis
1405 2085 1438 2143 et
1464 2076 1531 2141 Dul-

358 2245 360 2248 ,
416 2187 670 2267 manutentum,
686 2193 844 2267 quantum
860 2208 880 2250 a
895 2186 1015 2250 finibus
1032 2184 1217 2252 Comitatus
1234 2187 1274 2251 de
1290 2183 1428 2249 Chelum
1441 2201 1531 2264 usque

417 2292 458 2357 ad
475 2297 598 2358 terram
616 2292 820 2358 Gaczecham
836 2299 869 2356 et
884 2291 1085 2372 Modursam,
1096 2314 1166 2357 cum
1184 2293 1333 2358 omnibus
1345 2292 1532 2368 Beronibus,

419 2399 579 2480 Vassalis,
597 2398 809 2479 Ciuitatibus,
826 2399 953 2464 Castris
984 2407 1016 2463 et
1041 2398 1136 2479 sillia,
1162 2422 1201 2464 ao
1226 2400 1375 2466 omnibus
1399 2398 1482 2464 inira
1503 2413 1532 2458 se

418 2506 534 2589 positis
550 2508 649 2570 maris
664 2507 779 2570 insulis
796 2505 1027 2588 adiacentibus,
1043 2513 1076 2571 et
1092 2507 1240 2571 omnibus
1256 2506 1384 2571 iuribus
1400 2512 1433 2570 et
1463 2523 1528 2586 per·

421 2613 568 2696 tinentijs
585 2615 652 2680 suis
668 2613 818 2696 tenende,
833 2612 985 2694 regenda,
1017 2613 1170 2679 habenda
1197 2623 1230 2678 et
1260 2613 1455 2699 possidenda
1483 2632 1533 2692 per

415 2721 504 2802 ipsos
518 2720 682 2802 predictos
698 2721 806 2786 omnia
822 2720 922 2784 libere
939 2720 982 2784 ad
998 2742 1109 2786 eorum
1143 2720 1363 2787 omnimodam
1397 2721 1530 2785 volunta
1582 2755 1583 2762 1

416 2835 491 2894 tem.
506 2829 548 2892 In
573 2829 665 2895 cuius
695 2831 742 2894 rei
773 2829 993 2893 testimonium
1025 2837 1083 2894 etc.
1114 2829 1239 2894 Datum
1271 2829 1428 2894 Brinonie
1458 2847 1531 2894 anno

417 2933 551 3001 Domini
591 2935 847 3001 ΜὊΟῠΧΟΙΙ0
879 2936 933 3000 die
962 2937 1063 3001 XIX.
1097 2937 1242 3020 Augusti
1273 2938 1314 3006 V.
1347 2936 1530 3011 indictionis,

420 3042 607 3125 Regnorum
623 3050 810 3108 nostrorum
826 3051 951 3108 octauo.

524 3149 653 3216 Similes
668 3151 753 3222 facte
770 3156 847 3214 sunt
877 3172 937 3234 pro
968 3150 1091 3216 eisdem
1121 3152 1230 3236 sigillo
1256 3153 1385 3219 domine
1415 3150 1529 3233 Regiae

417 3257 525 3322 uerbis
541 3263 761 3340 competenter
776 3258 912 3321 mutatis
928 3263 962 3321 vt
978 3279 1084 3342 supra.
1101 3257 1227 3324 Datum
1243 3267 1400 3343 utsupra

525 3438 560 3501 uA
576 3435 658 3500 »Reg
672 3435 822 3500 Angioiui«
838 3435 866 3484 0.
883 3441 923 3486 59.
938 3452 974 3487 sz.
989 3439 1057 3502 Reg.
1072 3439 1168 3489 Karoli
1183 3441 1220 3491 11.
1235 3440 1285 3488 luit
1309 3444 1351 3490 39.
1365 3443 1426 3499 lev.‚
1451 3454 1476 3487 u.
1500 3435 1530 3498 ο.)

947 3781 1019 3846 118.

417 3935 549 4010 Morleli
578 3943 703 4028 Kdroly
727 3947 909 4008 tondcsosu't
927 3943 1036 4008 Monte
1051 3937 1217 4009 Rotuudoi
1235 3945 1346 4032 Hugc‘t
1362 3935 1456 4011 entur*
1471 3937 1532 4008 Mo·

798 4053 1039 4138 gyaicrsza'pda
1060 4051 1155 4114 1:292).

522 4190 687 4273 Scriptum
704 4199 753 4255 est
768 4213 826 4277 per
842 4191 979 4256 eundem
1010 4185 1135 4274 Regem
1164 4188 1312 4276 Vngarie
1344 4193 1443 4260 nobili
1472 4191 1531 4256 riro

418 4297 518 4364 Petro
535 4297 679 4365 Rolamli
695 4297 830 4366 Vicario
848 4321 905 4364 suo
922 4299 955 4361 in
971 4298 1093 4364 honore
1111 4305 1169 4364 otc.

525 4404 608 4469 Cum
626 4407 799 4488 religiosus
817 4407 866 4471 vir
892 4405 995 4470 irater
1026 4405 1126 4488 Hugo
1161 4407 1199 4472 de
1232 4407 1351 4474 Monte
1381 4403 1532 4479 Rotundo,
