3174 5236
546 237 640 311 late.
1118 239 1157 311 cl

49 441 212 526 patentium
237 440 298 505 tibi
324 439 431 526 pridie
449 439 655 522 directorum,
681 463 743 525 que
757 464 816 526 per
832 448 906 509 tuas
922 442 1056 508 licteras
1074 463 1160 509 rece-

1 628 2 634 *
49 551 121 632 pisse
143 549 312 631 scripsisti,
340 546 464 613 Nostra
489 543 685 614 Celsitudini
712 551 876 630 reserasti,
907 555 941 615 et
965 555 998 614 te
1024 550 1161 616 soluisse

1 652 3 680 *
49 657 191 740 scripsisti
206 677 266 740 pro
283 659 422 739 receptis
439 657 563 740 palmia,
591 665 624 722 et
640 659 754 741 pennis
771 658 888 742 emptis
905 680 964 741 per
981 655 1159 742 Rogerium

1 757 2 819 ἶ
51 765 83 828 de
106 763 241 828 (lamera
267 763 463 828 familiarem
489 772 646 848 nostrum,
663 766 702 830 de
728 766 863 831 consilio
891 771 923 828 et
949 767 1161 848 coguiueutia

1 882 3 936 f
51 871 182 956 Philippi
207 871 248 937 de
271 869 396 937 Sancta
422 869 536 950 Cruor,
562 880 595 937 et
621 872 765 956 Gelgani
782 875 822 938 de
840 873 955 937 Marsa
971 873 1011 937 de
1028 873 1161 940 Barulo.

1 987 2 1018 l
49 987 216 1044 uestrorum
233 979 377 1044 fidelium
394 1001 453 1064 pro
468 981 579 1045 robbis
590 979 764 1065 Capitonei
782 989 815 1046 et·
829 981 1022 1047 Marasoalli
1040 989 1071 1046 et
1088 989 1162 1046 octo

1 1105 4 1185 ρ
49 1087 170 1152 militum
186 1088 226 1152 de
244 1088 400 1152 comitiua
418 1109 539 1170 eorum,
565 1089 620 1170 qui
637 1088 677 1154 dc
695 1090 852 1155 mandato
869 1089 984 1154 Nostri
1003 1087 1162 1155 Culminis

48 1193 114 1257 olim
128 1193 351 1276 inVngariam
368 1201 592 1274 accesserunt;
616 1215 676 1259 uec
693 1215 758 1258 nou
774 1195 955 1278 prorobbis
967 1197 1162 1263 venerabilis

1 1336 4 1404 l
50 1300 139 1382 patris
155 1299 185 1363 J.
203 1299 428 1382 'l'ragunensis
444 1301 602 1385 Episcopi
619 1304 651 1366 iu
662 1302 845 1386 Vugarianr
862 1303 1013 1368 similiter
1027 1311 1106 1368 tunc
1123 1305 1163 1369 de

50 1415 147 1472 nostro
171 1408 376 1490 beneplacito
400 1408 587 1491 profecturi.
615 1409 807 1492 subscriptis
838 1410 1073 1475 mercatoribus
1090 1413 1161 1476 sub·

1 1534 3 1596 l
51 1519 190 1601 scriptam
201 1523 338 1604 pecunie
349 1522 577 1604 quantitatem,
593 1521 741 1587 uidelicet
755 1522 834 1600 sib,
851 1521 889 1588 de
902 1524 992 1587 cuius
1003 1522 1164 1604 siguifica-

1 1623 2 1669 1
50 1627 126 1688 tione
143 1627 277 1707 pecunie
294 1625 400 1690 solute
417 1633 519 1708 perte
536 1629 570 1692 in
587 1628 734 1693 omnibus
750 1628 945 1710 supradictis
956 1629 1076 1696 habere
1093 1650 1164 1692 nos-

1 1683 3 1811 i
51 1739 110 1796 tras
134 1733 263 1797 lictores
281 1735 487 1817 responsales
502 1735 670 1799 humiliter
686 1735 892 1819 supplicasti:
918 1738 983 1801 tuis
1002 1737 1163 1820 supplica-

1 1813 3 1882 i
51 1841 180 1904 tionibus
190 1841 369 1909 clementer
379 1841 539 1926 admissis,
556 1843 792 1926 significatione
803 1843 986 1910 huiusmodi
997 1850 1165 1928 presentes

51 1945 226 2013 Maiestatis
243 1949 367 2015 Nostra
384 1949 515 2016 lictores
531 1951 737 2033 responsales
752 1951 813 2015 tibi
832 1951 981 2016 duximus
997 1952 1163 2016 remitten-

52 2055 118 2136 das;
140 2057 231 2122 cuius
257 2059 390 2141 pecunie
416 2058 630 2140 quantitatem
656 2057 837 2142 predictam
854 2060 989 2122 soluisse
1006 2057 1166 2141 scripsisti

52 2183 103 2244 per
126 2165 291 2248 predictas
317 2166 449 2231 lieteras
475 2173 548 2232 tuas
565 2166 720 2249 predictis
737 2167 974 2232 mercatoribus
991 2165 1032 2230 de
1048 2167 1166 2249 pannis

1 2282 3 2418 ρ
53 2277 82 2333 ct
103 2275 211 2355 pennis
237 2275 355 2358 emptis
370 2273 526 2357 predictis
544 2273 629 2339 infra
645 2295 786 2339 mensem
804 2273 994 2357 Augustum
1012 2272 1053 2340 V.
1068 2273 1167 2337 iudic-

53 2377 142 2442 tionis
157 2382 302 2462 proxime
320 2383 522 2464 preteritum,
554 2382 639 2447 sicut
655 2383 805 2465 predicte
821 2387 875 2446 tue
894 2382 1006 2446 lictere
1023 2382 1167 2446 contine-

55 2483 134 2552 bant.
177 2487 303 2553 Datum
320 2489 426 2570 Fogie
443 2488 496 2552 die
513 2487 559 2553 ΙΙ.
576 2487 771 2554 Novembris
787 2489 847 2557 VI.
863 2489 1058 2552 indictionis.

150 2668 185 2729 (A
212 2669 353 2733 ›Registri
377 2669 527 2734 Angioiui«
556 2667 585 2718 F.
617 2675 658 2720 ⁴28.
678 2685 715 2720 az.
734 2671 801 2732 Reg.
822 2669 920 2720 Karoli
939 2670 961 2719 Ι.
981 2667 1123 2718 ktttettbdl
1142 2670 1167 2718 t.

1 2874 6 2949 l
530 2935 688 2945 *fi

1 3076 5 3127 r

1 3189 2 3244 l

1 3247 2 3301 l

586 3187 637 3254 73.

53 3339 78 3410 i.
95 3341 215 3437 Kdroiy
230 3343 359 3415 sicilici
376 3347 558 3437 kirdipuak
575 3349 732 3415 reudclete
745 3345 831 3414 Bari
839 3349 919 3435 sold
927 3345 1175 3436 justitiariurd·

1 3443 3 3519 ῗ
53 3453 118 3531 boz,
133 3457 210 3543 kopp
225 3483 244 3521 a
266 3457 440 3522 Tranibaa
459 3457 688 3522 lctartdztatott
704 3481 846 3544 mopyar
862 3458 970 3522 tdczolc
987 3459 1175 3522 eilrttdcdrdl

371 3564 504 3649 tellitep
523 3565 736 3650 iatc‘alcedjc'lc.
756 3567 851 3629 1279.

1 3743 3 3856 i
157 3759 368 3825 Justitiarius
393 3760 499 3826 Terre
516 3760 615 3826 Ba'rri
640 3760 756 3826 habuit
781 3759 971 3826 mandatum
999 3751 1172 3824 exhibendi

1 3860 4 3940 l
52 3885 208 3948 expensas
225 3888 285 3952 pro
303 3865 472 3950 Stephano
488 3867 556 3933 filio
574 3867 737 3952 Stephani
753 3868 792 3932 de
808 3866 966 3951 Vngaria,
991 3866 1093 3931 fratre
1110 3885 1177 3949 suo,

1 3995 3 4116 ρ
51 3993 113 4036 nec
128 3995 189 4039 nou
206 3975 428 4041 seruientibus
444 3981 479 4040 et
493 3977 708 4042 cernitoribus
725 3977 800 4041 suis.
840 3975 1026 4058 Stephanus
1043 3975 1176 4056 exponit

1 4119 2 4160 a
52 4077 147 4164 Regi,
162 4083 251 4164 quod
267 4104 426 4167 expensas
442 4083 564 4151 habere
581 4085 700 4149 adicto
710 4084 900 4151 Justisiario
911 4104 975 4148 non
986 4088 1106 4166 potest,
1123 4083 1178 4164 qui

1 4247 5 4265 ‚
54 4189 207 4256 cauillose
232 4192 408 4275 pretendit,
433 4192 575 4276 sigillum
591 4214 730 4275 paruum
747 4193 780 4258 in
795 4192 920 4258 licteris
937 4189 1178 4257 continentibus

54 4296 241 4363 mandatum
265 4298 447 4382 predictum
466 4301 657 4383 impressum
674 4322 742 4366 esse
759 4300 968 4366 deuastatum
984 4306 1016 4365 et
1032 4299 1180 4364 fractum.

53 4401 169 4468 Dictus
194 4405 404 4470 Justitiarius
440 4406 540 4472 babet
573 4407 762 4472 mandatum
789 4427 977 4489 expressum
1004 4406 1180 4472 exhibendi
