3244 5236
395 322 459 383 358
758 333 994 380 nrruonncnrsr
1010 317 1179 376 anabuns·

392 505 483 564 trum
500 505 531 560 et
547 495 670 562 iratres
687 495 823 562 Ordinis
838 494 1025 578 Hospitalis
1042 491 1144 558 Beate
1160 492 1267 558 Maris
1282 493 1408 557 Domus
1418 491 1512 555 Then-

398 606 582 672 tonicorum
592 604 778 672 Jerusalem
795 623 893 688 super
909 611 1001 669 terra
1011 599 1189 682 Culmensi,
1206 609 1239 666 et
1249 601 1369 666 Castro
1381 599 1513 686 Nessou,

398 721 430 780 et
447 712 556 779 Curiis
573 711 683 780 Orlow
709 717 743 777 et
759 709 871 776 Murin
888 732 945 777 seu
961 709 1166 790 Pomerania,
1192 717 1250 776 aut
1264 708 1514 790 Michalouiensi,

397 822 579 905 ceterisque
595 818 691 886 bonis
706 840 765 902 per
782 818 946 903 predictos
961 818 1083 884 fratres
1098 817 1221 885 habitis
1237 819 1322 882 iuste
1338 825 1371 881 et
1386 817 1515 882 rationa-

396 930 510 996 biliter
525 930 686 1012 possessis
702 935 778 994 ante
796 935 918 994 motam
938 948 1107 1012 guerram,
1123 927 1334 993 etIllustrem
1342 925 1515 1010 Principem
1593 951 1594 954 ¹

399 1037 570 1103 recolende
595 1037 748 1102 memorie
764 1037 930 1101 dominum
945 1035 1167 1104 wladislaum
1183 1034 1308 1119 Regem
1325 1033 1465 1115 Polcnie,
1487 1043 1515 1101 et

398 1144 601 1210 venerabiles
627 1146 715 1209 viros
730 1143 931 1226 Magistrum
948 1141 1145 1209 Generalem
1171 1152 1204 1208 et
1220 1142 1350 1210 ¹fratres
1365 1143 1514 1226 predictos
1593 1213 1594 1218 γ

399 1252 495 1319 nobis
512 1251 582 1334 ipso
598 1251 728 1317 uiuente
743 1249 829 1317 forte
846 1252 1028 1336 impeteret,
1044 1271 1098 1316 seu
1115 1250 1276 1316 actionem
1293 1259 1407 1316 contra
1421 1271 1471 1315 eos
1485 1249 1513 1313 iu

401 1359 577 1443 Spirituali
593 1359 729 1425 Judioio
746 1380 803 1426 seu
818 1360 965 1439 seculari,
982 1380 1038 1425 seu
1054 1379 1113 1442 per
1130 1357 1213 1424 alias
1229 1358 1299 1424 vias
1317 1377 1514 1441 quascunque

399 1469 609 1548 instauraret,
634 1469 685 1533 vel
710 1468 798 1534 forte
824 1490 880 1534 eos
906 1469 1077 1535 occasione
1103 1468 1264 1533 dictarum
1289 1474 1451 1533 terrarum
1463 1488 1513 1549 per

400 1577 600 1660 violenciam,
617 1578 869 1661 oppressionem,
880 1577 1063 1661 potenciam
1075 1576 1292 1660 opprimeret:
1308 1575 1512 1659 promittimus

398 1704 458 1766 pro
484 1684 580 1751 nobis
604 1691 637 1750 et
662 1685 810 1750 omnibus
835 1685 954 1751 nostris
978 1685 1091 1750 amicis
1116 1685 1149 1750 et
1173 1681 1335 1764 fidelibus,
1360 1683 1443 1766 qnod
1464 1703 1512 1748 nos

400 1791 585 1857 huiusmodi
600 1792 835 1876 impeticiones,
851 1794 1008 1875 acciones
1023 1813 1080 1858 seu
1091 1791 1259 1858 accionum
1268 1791 1512 1859 instauraciones

400 1907 433 1965 et
448 1898 607 1965 violentas
623 1901 772 1983 potencie
788 1901 1012 1984 oppressiones
1028 1901 1159 1984 penitus
1175 1901 1289 1965 sedare
1300 1899 1513 1982 etdisbrigare

400 2007 556 2073 debemus
572 2008 660 2073 bona
676 2006 749 2090 fide,
765 2006 881 2072 fraude
898 2015 931 2073 et
947 2007 1022 2074 dolo
1039 2009 1180 2073 omnimo
1190 2008 1323 2073 remotis
1333 2009 1368 2072 in
1378 2005 1511 2073 omnibus
1593 2035 1594 2038 ¹

399 2115 610 2198 supradictis.
635 2114 677 2180 In
694 2135 833 2196 quorum
850 2115 911 2180 stb.

506 2220 577 2288 Nos
593 2221 784 2288 Kazimirus
794 2221 859 2288 Dei
874 2224 989 2306 gracia
998 2222 1073 2290 Rex
1082 2224 1221 2290 Polonie
1237 2223 1282 2288 ad
1298 2221 1510 2304 extirpandan

399 2351 527 2396 ornnem
541 2331 724 2414 materiam,
756 2352 819 2414 que
835 2332 1058 2398 contencionis
1075 2352 1132 2397 seu
1146 2329 1238 2397 dubii
1254 2351 1425 2396 rancorem
1440 2331 1511 2394 inter

397 2438 630 2505 Reuerendum
642 2439 808 2504 dominum
817 2437 1015 2522 Magistrum
1027 2437 1224 2505 Generalem
1241 2445 1275 2504 et
1290 2437 1409 2503 fratres
1424 2436 1511 2519 ipsius
1593 2473 1594 2476 =

397 2568 438 2611 ex
454 2568 518 2613 vna
532 2553 637 2629 parte,
662 2553 695 2610 et
710 2567 769 2611 nos
785 2552 978 2628 nostrosque
995 2567 1197 2612 successores
1213 2567 1252 2612 ex
1268 2545 1374 2611 altera
1388 2544 1511 2611 forsitan
1592 2623 1594 2628 Ι

398 2660 486 2720 esset
510 2654 545 2718 in
570 2659 737 2736 posterum
762 2655 921 2737 paritura,
945 2656 1106 2738 presentis
1130 2655 1244 2738 scripti
1256 2654 1450 2732 testimonio,
1476 2673 1508 2716 ex
1593 2701 1594 2704 ,

399 2765 491 2826 certa
506 2759 648 2826 sciencia
663 2761 893 2844 promittimus,
919 2783 1029 2828 errore
1048 2763 1165 2828 mentis
1181 2762 1292 2844 aliquo
1310 2782 1375 2826 non
1392 2759 1508 2838 seducti,
1592 2779 1594 2826 l

397 2891 417 2934 a
434 2866 649 2935 Serenissimo
665 2867 821 2952 Principe
847 2869 978 2936 domino
995 2869 1125 2946 Karolo
1141 2872 1234 2952 Rege
1250 2867 1399 2952 Vngarie
1414 2873 1511 2933 nostro
1592 2849 1594 2884 l

397 2977 534 3058 sorori0,
550 2999 589 3044 ac
604 3001 625 3044 a
639 2998 801 3060 generosa
812 2977 945 3042 domina
955 2979 1138 3044 conthorali
1148 2979 1251 3068 ipsius
1261 2977 1402 3062 Regina,
1417 2997 1511 3042 sorore
1593 3047 1594 3050 Ἴ

396 3092 513 3151 nostra
529 3084 716 3166 karissima,
733 3084 819 3151 dicto
833 3085 1027 3152 Reuerendo
1044 3084 1176 3151 domino
1193 3085 1357 3168 Magistro
1374 3080 1511 3150 Generali
1592 3093 1594 3136 ἵ

396 3199 429 3256 et
454 3190 614 3257 fratribus
639 3193 742 3276 ipsius
769 3191 872 3258 bonas
898 3201 1049 3277 patentes
1067 3193 1197 3259 litteras
1213 3195 1380 3278 optinere,
1403 3191 1509 3274 quibus

397 3299 476 3365 dicti
492 3298 597 3364 incliti
613 3298 763 3366 dominus
773 3299 846 3366 Rex
863 3307 896 3366 et
905 3299 1036 3386 Regina
1047 3300 1204 3386 Vngarie,
1219 3311 1288 3367 tam
1305 3323 1365 3386 pro
1382 3322 1415 3365 se
1425 3320 1510 3382 quam
1592 3303 1594 3376 ζ

395 3427 455 3490 pro
471 3406 648 3473 heredibus
664 3409 829 3492 utriusque
846 3430 939 3474 sexus
956 3417 990 3474 et
1005 3410 1244 3476 successoribus
1261 3412 1337 3493 suia,
1363 3406 1471 3474 [raude
1485 3411 1511 3470 et

397 3511 473 3580 dolo
489 3512 635 3598 exclusis,
652 3518 845 3581 renunciare
861 3513 981 3582 debent
1007 3537 1159 3602 expresse
1174 3516 1384 3603 impeticioui,
1407 3512 1509 3599 repeti·
1593 3503 1594 3542 ³

401 3621 495 3702 cioni,
520 3623 656 3705 accioni,
680 3625 872 3708 exceptioni,
897 3624 1049 3707 omnique
1076 3627 1140 3690 iuri
1166 3646 1221 3692 seu
1237 3626 1372 3704 iuribus,
1399 3624 1424 3690 si
1438 3621 1508 3704 ipsis
1592 3625 1594 3708 j

396 3736 579 3813 competere
595 3737 749 3813 poterunt
764 3738 993 3814 postmortem
1009 3738 1155 3797 nostram
1167 3753 1265 3816 super
1276 3734 1383 3815 terrie,
1398 3729 1509 3794 territo·

394 3837 451 3902 riis
477 3858 534 3901 seu
556 3836 761 3902 districtibus
778 3837 955 3916 Culmensi,
980 3837 1187 3925 Pornerania,
1211 3837 1344 3907 Nessow
1370 3849 1401 3907 et
1416 3834 1508 3903 Curiis

395 3944 515 4023 Orlow,
540 3943 670 4029 Muryn,
695 3951 728 4009 et
752 3945 827 4010 aliis
846 3947 1101 4028 possessionibus
1126 3957 1204 4015 ante
1229 3957 1352 4016 motam
1368 3965 1506 4032 guerram

393 4072 452 4134 per
468 4049 632 4134 predictos
649 4049 846 4136 Magistrum
864 4061 896 4118 et
912 4053 1032 4121 fratres
1047 4056 1133 4122 iuste
1151 4055 1274 4122 habitis
1300 4064 1333 4122 et
1358 4052 1505 4140 possessis
1592 4133 1594 4156 Ι

397 4159 437 4223 In
454 4178 592 4241 quorum
610 4162 670 4227 stb.
1051 4155 1052 4158 ¹
1592 4159 1594 4236 ζ

503 4267 574 4334 Nos
590 4267 738 4336 Karalus
754 4271 819 4336 Dei
835 4276 948 4355 gracia
958 4273 1032 4339 Rex
1040 4271 1197 4358 Vngarie,
1213 4281 1245 4338 et
1260 4271 1429 4339 Elisabeth
1438 4269 1503 4332 eius·
1593 4359 1594 4366 ἵ

397 4375 469 4439 dem
485 4375 592 4459 Regni
608 4376 741 4462 Regina
765 4380 965 4446 conthoralis
991 4382 1092 4465 ipsius
1107 4381 1278 4466 legittima,
1303 4381 1347 4448 ad
1362 4365 1504 4445 minemo·

399 4503 510 4550 sorum
535 4487 756 4572 cognicicnem
776 4489 963 4555 deducimus
981 4511 1019 4556 nc
1035 4491 1164 4575 publice
1181 4495 1408 4574 protestamur,
1433 4477 1503 4566 quod
1593 4477 1594 4504 ³
