3222 5240
612 410 708 472 1328.
1155 409 1218 471 273

4 619 6 632 ν
89 580 337 663 requisicionem
364 583 442 648 dicti
472 584 592 649 domini
613 584 716 667 Regis
732 583 916 666 Hungarie,
941 583 1138 648 heredumue
1163 592 1220 649 aut

4 733 5 740 κ
90 710 310 754 successorum
326 709 467 773 suorum,
483 693 550 757 siue
566 692 673 775 Regni
690 693 748 776 sui,
765 691 914 756 exhibitis
931 691 994 756 sibi
1010 693 1130 755 nostris
1147 712 1219 773 pre·

4 873 6 886 f
92 796 240 860 sentibus
256 796 386 878 litteris
412 798 532 865 habeat
549 799 626 879 Nos,
643 807 835 881 nostrosque
852 798 988 863 heredes
1005 803 1038 862 et
1055 818 1219 864 successo-

88 928 148 983 res,
174 907 233 988 qui
259 913 375 972 contre
391 910 547 991 premissa
563 908 734 973 fecerimus
750 908 799 972 vel
817 906 964 988 fecerint,
989 905 1096 971 facere
1113 907 1216 991 publi-

4 1013 6 1090 ἶ
87 1013 154 1080 cari
173 1018 206 1077 et
221 1013 411 1079 denunciari
425 1016 573 1097 periuros
590 1021 624 1081 et
638 1015 786 1097 infames,
818 1038 856 1081 ac
872 1014 1214 1080 excommunicacionis

4 1093 16 1180 l·
87 1120 269 1186 sentencias
294 1123 328 1186 in
352 1126 482 1189 nostras
508 1130 542 1188 et
560 1130 742 1189 nostrorum
758 1122 916 1190 heredum
932 1143 1214 1206 successorumque

4 1303 6 1326 Ι
88 1249 245 1312 personas
260 1229 369 1296 fecere
385 1231 596 1314 promulgari.
629 1231 674 1296 ut
688 1231 916 1296 nichilominus
933 1232 959 1295 si
975 1233 1055 1310 Nos,
1080 1229 1216 1294 heredes

4 1335 6 1420 ξ
88 1343 147 1403 ant
172 1359 378 1404 successores
394 1340 496 1403 nostri
512 1345 705 1422 prenotatos
722 1337 877 1406 articulos
894 1360 950 1405 seu
977 1339 1117 1420 aliquem
1132 1339 1216 1422 ipso·

4 1425 6 1547 ἑ
86 1465 160 1509 rum
185 1466 251 1510 non
277 1445 527 1526 attenderemus,
553 1453 585 1511 et
609 1449 737 1530 potenti
752 1467 851 1511 mann
867 1446 916 1510 vel
935 1451 1133 1530 apparenter
1150 1465 1214 1526 eos,

4 1549 6 1616 ἒ
87 1573 143 1618 seu
160 1554 305 1636 aliquem
321 1553 447 1636 ipsorm
460 1554 586 1620 violare
602 1571 658 1620 seu
674 1554 852 1637 infringere
869 1576 1076 1634 conaremur;
1097 1559 1214 1619 extunc

4 1669 6 1752 Ξ
84 1658 280 1724 venerabilis
305 1660 339 1725 in
364 1658 497 1734 Christo
522 1667 617 1744 pater
641 1662 832 1746 Episcopus,
861 1683 920 1728 nec
936 1684 999 1728 non
1015 1662 1165 1727 Berones
1182 1664 1215 1728 et

4 1823 6 1854 ζ
83 1765 320 1832 Ministeriales
329 1769 433 1834 nostri
444 1768 621 1850 subnotati,
632 1770 835 1854 heredesque
847 1775 880 1836 et
892 1792 1093 1836 successores
1104 1757 1215 1835 eorun-

82 1872 166 1957 dem,
182 1875 348 1958 predictos
365 1877 491 1959 Regem
506 1878 688 1960 Hungarie,
713 1879 849 1945 heredes
867 1887 900 1944 et
917 1900 1117 1945 successores
1134 1897 1209 1943 suos

4 1971 6 2056 l
81 2001 242 2065 suumque
268 1983 428 2068 Regnum,
454 1991 570 2051 contra
584 1985 655 2052 Nos
679 1994 873 2070 nostrosque
890 1987 1026 2052 heredes
1044 1991 1076 2050 et
1091 2006 1211 2068 succes,

4 2079 6 2150 ῗ
82 2109 172 2154 sores
189 2091 269 2155 totis
283 2092 427 2175 ipsorum
437 2093 561 2159 viribus
578 2101 609 2159 et
625 2082 776 2179 potencie
785 2094 910 2160 tamdiu
920 2094 1086 2175 adiuuare,
1101 2113 1213 2176 seque-

4 2187 6 2242 ἵ
83 2199 244 2264 anostris
261 2199 427 2285 obsequijs
438 2206 472 2267 et
483 2201 670 2268 obediencia
681 2202 858 2285 retrahere,
874 2210 988 2268 etcum
999 2201 1111 2267 eodem
1120 2199 1213 2283 Rege

4 2363 6 2390 ,
82 2303 259 2388 Hungarie
274 2309 326 2372 vel
341 2309 407 2374 suis
417 2307 594 2376 heredibus
605 2332 664 2375 nos
674 2311 864 2393 impugnare
874 2312 1079 2392 tenebuntur,
1095 2328 1212 2394 quous·

4 2433 6 2492 i
82 2433 147 2494 que
165 2413 323 2481 articulos
340 2437 397 2481 seu
413 2417 587 2482 articulum
602 2424 827 2500 transgressos
844 2438 901 2482 seu
916 2417 1064 2498 violatos,
1091 2422 1125 2480 rt
1139 2438 1211 2500 pre·

81 2519 238 2600 mittitur,
261 2521 468 2606 integraliter
492 2523 714 2589 reformemus.
753 2523 915 2590 Excessus
939 2529 1048 2590 autem
1065 2529 1097 2588 et
1111 2524 1212 2588 male-

4 2651 6 2722 ss
80 2625 171 2692 lacta
186 2628 353 2695 hincinde
369 2631 403 2694 iu
418 2631 512 2696 metis
529 2638 560 2696 et
574 2632 671 2696 terris
687 2633 755 2697 siue
772 2633 923 2716 dominijs
940 2633 1060 2696 nostris
1070 2653 1129 2715 per
1139 2652 1210 2715 pre·

4 2731 6 2770 ³
82 2732 152 2814 des,
168 2735 330 2816 incendia,
346 2737 488 2821 rapinas,
506 2739 933 2822 captiuacioueshominum,
949 2760 1006 2804 seu
1018 2739 1082 2804 elio
1094 2738 1210 2822 quouis

4 2875 6 2924 3
79 2843 181 2909 modo
208 2843 331 2928 absque
356 2852 469 2912 nostro
495 2845 660 2930 mandato,
692 2847 775 2913 scitu
800 2853 834 2911 et
858 2867 1000 2929 assensu,
1026 2846 1134 2929 pelam
1159 2845 1211 2912 rel

4 2933 7 3016 l
79 2951 212 3017 occulte
238 2959 438 3039 emergentes
454 2961 486 3019 et
504 2954 737 3038 contingentes,
762 2953 948 3020 Beronibus
965 2959 998 3019 et
1015 2952 1210 3018 Castellanis

79 3061 204 3126 nostris
230 3060 264 3125 in
280 3061 354 3146 alijs
371 3063 490 3130 litteris
505 3063 622 3128 nostris
639 3065 682 3129 ad
697 3063 759 3128 hoc
774 3063 941 3145 deputatis
957 3082 1161 3126 reseruemus
1178 3067 1211 3126 et

78 3168 295 3251 relinquimus
321 3169 526 3252 decidendos,
551 3177 584 3234 et
610 3169 673 3235 fine
703 3170 813 3236 debito
840 3169 1030 3254 sopiendos;
1055 3169 1149 3233 sicuti
1176 3168 1210 3232 in

4 3271 5 3344 f
78 3276 204 3342 eisdem
218 3277 337 3342 litteris
354 3279 473 3343 nostris
488 3276 677 3361 patentibus
694 3277 833 3360 desuper
850 3276 1034 3359 specialiter
1050 3273 1207 3340 coniectis

4 3367 6 3392 ᾖ
78 3386 266 3468 expressius
291 3386 483 3449 continetur.
522 3385 569 3449 Et
594 3393 628 3448 vt
653 3385 761 3450 omnia
786 3390 819 3448 et
834 3383 962 3468 singula
977 3383 1136 3467 premissa
1152 3404 1211 3467 per

77 3494 160 3571 Nos,
186 3492 320 3557 heredes
347 3498 380 3558 et
405 3511 607 3558 successores
624 3499 754 3557 nostros
770 3497 846 3556 rata
862 3497 895 3556 et
911 3491 1070 3556 inuiolata
1085 3512 1210 3575 perma-

77 3608 190 3679 neant,
207 3607 374 3684 presentes
390 3600 517 3665 litteras
533 3599 647 3664 exinde
664 3599 833 3678 conscribi,
850 3599 1209 3683 etsigillornmnostro-

4 3719 6 3730 '
76 3730 151 3773 rum
178 3705 432 3790 appensionibus
458 3705 592 3773 lecimus
609 3707 811 3774 communiri.
835 3705 906 3771 Nos
924 3726 1053 3789 qnoque
1068 3704 1209 3787 predicti

74 3816 234 3881 Prolatus
260 3821 292 3880 et
308 3815 456 3880 Berones
473 3835 512 3880 ac
527 3813 779 3896 Ministeriales;
805 3813 955 3881 videlicet
971 3809 1130 3877 Albertus
1145 3809 1209 3874 Dei

74 3925 190 4010 gratia
206 3929 301 4006 pater
312 3922 513 4006 Episcopus3
530 3921 663 3988 Vlricus
680 3923 720 3988 de
737 3919 991 4001 Phannebergij,
1010 3915 1207 3992 Ohunradus

75 4034 117 4098 de
129 4030 352 4114 Schaunberg
368 4030 626 4096 etBurehardus
642 4030 683 4094 de
693 4027 884 4112 Maydburg
897 4024 1059 4104 Ocnrites;
1075 4024 1209 4094 Vlricus

74 4140 116 4205 de
132 4139 259 4220 Walse,
284 4137 479 4223 Rudolphus
496 4145 528 4204 et
546 4139 627 4205 Otto
644 4138 684 4202 de
700 4137 940 4221 Lyhtenstayn,
967 4131 1134 4212 AlbertuS,
1150 4129 1175 4196 J
1176 4154 1209 4198 o-

74 4247 204 4314 hanues
220 4252 253 4311 et
268 4245 432 4312 Lutoldus
448 4246 489 4311 de
506 4245 735 4330 Ohvnringen3
757 4242 970 4310 Eberhardns
987 4242 1027 4306 de
1039 4238 1150 4306 Walse
1166 4237 1206 4302 de

4 4345 5 4358 ¹
71 4356 207 4438 Lintea,
216 4353 400 4438 Heinricus,
416 4355 635 4438 Reymbertus
646 4360 680 4419 et
688 4352 881 4419 Fredericus
892 4350 931 4415 de
941 4348 1079 4435 Walsse,
1088 4347 1208 4433 Reym-

72 4463 192 4532 bertus
209 4462 249 4527 de
259 4461 442 4541 Eberstors,
457 4459 627 4526 Johannes
643 4461 682 4527 de
695 4458 841 4544 Onpella,
858 4459 890 4525 N
893 4456 1017 4523 icolaus
1034 4455 1075 4521 de
1086 4454 1207 4521 Teren·

4 4649 5 4654 η
71 4573 167 4655 berg,
185 4569 362 4653 Pilgrimus
378 4567 598 4648 dePuchaim,
616 4569 787 4634 Cristanus
804 4564 1062 4646 deIrengebach,
1079 4562 1209 4628 Herde-

121 4705 373 4746 nemausenses.
393 4713 430 4726 -
449 4705 518 4742 sorr
533 4706 594 4742 uxr.
612 4706 630 4740 r.
1060 4673 1100 4738 18
