3170 5234
414 253 477 318 leo
761 273 1002 318 nrrnouaczmr
1019 251 1186 317 ruubxux.

516 431 654 516 Insuper
670 453 742 498 cum
752 432 883 496 domino
897 431 981 512 Regi
997 431 1097 495 fuerit
1114 430 1311 510 intimatum,
1328 426 1414 510 quod
1429 428 1517 512 aliqui

409 542 508 606 vestri
533 543 630 606 ricini
649 548 682 607 et
697 541 809 607 fideles
827 540 954 605 soleant
969 545 1086 604 contra
1102 538 1291 602 Dominium
1310 545 1342 604 et
1359 535 1517 602 Ciuitatem

410 647 630 718 Vcneciarum
655 648 832 734 aliquando
858 647 1081 714 inobediencie
1107 647 1231 730 erigere
1248 667 1379 712 cornua.
1419 644 1452 710 Si
1466 667 1518 729 quc

410 764 556 841 tempore
572 758 737 823 volueritis
753 763 867 821 contra
877 756 961 821 tales
971 762 1084 820 nostro
1094 753 1157 818 frui
1168 755 1302 831 auxilio,
1319 754 1519 836 promittimus
1579 809 1580 812 ,

410 865 501 930 uobis
526 866 567 929 de
593 872 688 952 gente
711 873 826 932 nostra
850 865 881 928 D
907 870 1060 944 armatos,
1086 863 1217 946 quando
1233 870 1266 926 et
1283 864 1519 944 quotiescunque

410 973 586 1056 expediens
601 975 748 1040 videritis
764 975 796 1037 in
812 978 954 1037 restrum
970 971 1150 1037 subsidium
1162 971 1334 1050 destinare,
1350 971 1471 1035 etiamsi
1485 967 1519 1032 ad
1578 989 1580 992 ·

410 1087 523 1164 partes
540 1080 747 1160 Lombardie,
772 1080 893 1144 domini
910 1079 1012 1162 Regis
1037 1079 1218 1162 sumptibus
1243 1085 1276 1142 et
1291 1079 1445 1162 expensis.
1484 1075 1519 1140 m
1579 1063 1580 1072 ³

412 1190 525 1270 eciam,
542 1191 568 1253 si
585 1210 657 1254 cum
673 1196 783 1253 vestro
793 1186 1079 1267 sueritcommodO,
1094 1189 1313 1270 promittimus
1324 1185 1521 1269 personaliter

412 1319 484 1362 cum
500 1304 611 1362 nostro
629 1298 772 1361 exercitu
787 1297 822 1360 in
838 1303 980 1360 restrum
987 1297 1141 1379 juuamen
1159 1303 1191 1360 et
1207 1296 1364 1360 similium
1374 1297 1521 1360 interesse
1579 1369 1580 1372 Ἴ

411 1405 459 1470 Et
473 1406 501 1470 si
517 1427 592 1470 casu
608 1404 825 1468 intercidente
840 1410 948 1468 restro
965 1402 1183 1486 indigeremus
1199 1403 1330 1484 auxilio,
1346 1403 1375 1467 si
1391 1423 1459 1466 cum
1469 1421 1522 1463 res-

410 1518 463 1577 tro
487 1511 692 1594 beneplacito
719 1517 751 1576 et
776 1510 862 1576 bono
879 1510 1048 1574 commodo
1065 1508 1138 1574 fieri
1153 1511 1277 1592 poterit
1290 1509 1427 1590 liberali,
1451 1505 1524 1589 quod
1578 1487 1580 1520 ³

412 1623 519 1704 ipsum
545 1643 565 1686 a
589 1620 681 1685 vobis
706 1617 923 1684 amicabiliter
950 1618 1161 1701 postulemus,
1191 1627 1360 1702 tamquam
1386 1615 1523 1683 anostris
1578 1601 1580 1672 i

412 1728 570 1811 proximis
586 1733 620 1791 et
636 1728 759 1791 amicis.

518 1835 744 1900 Intelleximus
761 1834 872 1916 eciam,
891 1831 978 1915 quod
994 1834 1231 1898 mercatoribus
1248 1835 1367 1898 uestris
1383 1833 1522 1898 transitus

412 1948 523 2026 potest
540 1962 610 2006 esse
624 1940 808 2006 fructuosus
820 1947 852 2005 et
862 1940 953 2004 utilis
963 1962 1023 2024 per
1032 1946 1181 2005 nostrum
1191 1939 1351 2024 Regnum,
1367 1940 1522 2027 dirigendo

413 2074 542 2136 gressus
568 2072 643 2115 suos
668 2071 739 2114 cum
766 2051 831 2113 suis
856 2050 1075 2114 mercimoniis
1094 2071 1205 2116 versus
1223 2047 1523 2133 Constantinopolim

414 2169 445 2226 et
460 2158 640 2243 Imperuim
655 2157 824 2222 Romanis.
849 2157 947 2224 Vnde
972 2179 1046 2222 cum
1061 2158 1181 2222 intuitu
1196 2165 1305 2222 restro
1321 2165 1522 2223 mercatorum

414 2273 596 2332 vestrorum
606 2264 809 2332 commodum
819 2263 987 2347 proprium
997 2270 1203 2346 reputemus3
1218 2264 1313 2330 nobis
1323 2265 1436 2348 placet,
1450 2261 1523 2347 quod

414 2375 578 2458 predictus
604 2373 650 2437 eis
674 2372 833 2436 transitus
857 2392 919 2454 per
941 2371 1092 2452 Regnum
1117 2378 1264 2436 nostrum
1289 2379 1409 2456 pateat,
1433 2381 1462 2436 et
1475 2391 1523 2454 per

415 2480 551 2545 eundem
569 2479 692 2544 reditus
709 2479 882 2559 salutaris,
908 2485 941 2543 et
957 2480 984 2542 si
999 2479 1112 2561 aliqua
1128 2478 1280 2544 damnaa
1297 2481 1416 2546 nostris
1431 2499 1523 2563 perce

414 2591 523 2673 perint
548 2585 702 2670 agricolis
726 2593 925 2650 mercatores
950 2585 1080 2668 prefati,
1106 2588 1187 2669 ipsis
1213 2569 1254 2651 de
1271 2585 1411 2653 Camere
1426 2593 1521 2651 nostra

416 2696 622 2779 integraliter
638 2694 828 2760 satisfacere
846 2695 1028 2760 debeamus,

524 2801 677 2868 Ceterum
704 2801 746 2866 ad
762 2803 831 2881 hoc,
857 2809 892 2866 vt
908 2804 1017 2866 omnia
1034 2809 1066 2866 et
1083 2802 1211 2886 singula
1226 2803 1377 2886 predicta
1391 2804 1484 2870 robur
1497 2807 1523 2864 ct

416 2912 603 2977 firmitatem
628 2910 805 2989 obtineant,
831 2910 1034 2976 Excellentic
1051 2910 1172 2977 Vestre
1197 2912 1328 2995 placeat
1348 2911 1391 2976 ad
1407 2933 1461 2977 nos
1474 2908 1522 2974 ali-

417 3041 511 3101 quem
528 3023 669 3082 vestrum
686 3017 827 3082 nobilem
840 3017 1014 3099 destinare,
1023 3019 1254 3100 cuipossemus
1263 3020 1337 3085 loco
1347 3027 1443 3085 vestrl
1451 3014 1523 3081 vocis

417 3127 551 3192 oraculo
567 3123 771 3209 spopondere
782 3125 841 3190 sub
849 3126 1045 3209 juramentis
1056 3125 1175 3192 debitis
1186 3126 1384 3211 deponentes
1394 3127 1522 3191 rniuersa

416 3241 449 3299 et
475 3233 602 3314 singula
627 3235 660 3296 in
679 3240 869 3317 perpetuum
886 3239 1075 3298 seruaturos
1092 3233 1222 3298 domino
1238 3234 1326 3300 Duci
1342 3243 1376 3300 et
1392 3232 1522 3298 Commu·

361 3369 362 3374 ¹
417 3343 512 3407 nitati
531 3339 748 3406 Vcncciarum
764 3339 901 3424 prefate.

524 3447 611 3512 Item
627 3467 700 3511 cum
716 3448 906 3513 infirmitate
920 3445 1078 3512 fuerimus
1094 3447 1204 3515 valida
1220 3452 1382 3534 occupati,
1397 3452 1442 3515 ita
1450 3441 1521 3531 quod

416 3554 531 3620 medici
556 3554 703 3619 totaliter
719 3555 759 3618 de
774 3562 888 3620 nostra
904 3556 1164 3622 conualescentia
1180 3557 1407 3641 desperabant,
1430 3564 1521 3623 votum

417 3665 570 3744 vovimus,
596 3663 684 3744 quod
700 3663 725 3729 J
726 3665 910 3730 erosolimis
934 3665 977 3730 ad
992 3667 1150 3732 honorem
1167 3667 1351 3734 Saluatoris
1368 3668 1521 3732 solemnem

418 3769 600 3834 Ecclesiam
617 3777 650 3834 et
665 3770 903 3836 Mouasterium
919 3773 1062 3836 construi
1078 3772 1240 3856 faciemus,
1256 3775 1284 3837 si
1300 3795 1360 3839 nos
1376 3775 1417 3840 ab
1432 3773 1521 3838 huius-

417 3875 505 3941 modi
529 3876 730 3942 infirmitatis
746 3880 903 3962 voragine
919 3878 1092 3959 liberaret3
1116 3881 1209 3946 cuius
1225 3883 1340 3963 gracia
1355 3883 1519 3965 impetratu,

418 3985 507 4066 quod
522 4005 577 4048 ore
593 3985 809 4068 promisimus,
823 3985 1022 4051 intendimus
1038 3989 1156 4071 exequi
1171 4010 1230 4071 per
1246 3987 1395 4054 effectum
1405 4010 1459 4073 per
1467 4003 1520 4049 cer·

418 4098 470 4156 tos
485 4101 614 4157 nostros
630 4093 769 4174 nobiles,
789 4115 870 4176 quos
887 4093 965 4160 illuc
981 4118 1053 4160 cum
1070 4117 1190 4178 magna
1206 4104 1391 4179 quantitate
1406 4091 1519 4180 pecunie

419 4197 615 4264 intendimus
639 4201 896 4267 transmandare.
935 4201 1031 4271 Vnde
1047 4225 1121 4268 oum
1136 4226 1202 4268 non
1218 4204 1417 4270 confidamus
1431 4201 1518 4267 dictos
1543 4247 1551 4266 .

324 4297 328 4305 ’
418 4312 547 4369 nostros
565 4308 689 4372 nobiles
706 4313 739 4372 et
749 4309 870 4374 dictam
881 4311 1050 4393 pecuniam
1061 4313 1094 4375 in
1104 4312 1254 4378 manibus
1263 4334 1384 4396 ponere
1393 4311 1519 4379 aliorum,

421 4409 622 4476 solummodo
646 4415 679 4478 in
705 4418 838 4497 restris;
870 4401 1112 4501 proximitatem
1139 4429 1287 4505 vestram,
1313 4422 1352 4487 de
1369 4442 1427 4502 qua
1442 4417 1520 4501 plene
