3174 5236
581 691 652 752 132.

104 871 194 935 Nona
209 873 304 935 co'ros
320 869 506 932 bezeslredid·
524 892 593 932 ezra
612 867 858 952 fegyuersar'tnet
878 867 1132 952 rueptnrtdsotrt.

566 977 658 1040 1294.

159 1154 197 1220 ln
213 1153 341 1222 Christi
358 1155 485 1220 nominc
502 1152 618 1219 Arnen.
650 1149 749 1216 Anno
765 1150 1008 1216 Incaruationis
1024 1151 1093 1215 eius
1109 1149 1177 1215 mil·

64 1263 164 1327 lesimo
190 1260 410 1329 ducentesimo
437 1261 645 1344 nonagesimo
671 1266 798 1344 quarto,
830 1259 1006 1323 indictione
1030 1258 1179 1342 septima,

64 1369 107 1434 die
120 1371 200 1452 lune,
215 1371 371 1454 vigesimo
389 1391 472 1437 nouo
488 1369 614 1436 Martii.
647 1366 810 1432 Prouidus
826 1369 874 1430 vir
890 1367 1017 1450 Bugius
1034 1365 1179 1449 Georgii,

64 1475 210 1560 Spudicus
227 1485 261 1543 et
278 1479 479 1544 Procurator
496 1477 613 1542 nobilis
630 1475 690 1540 viri
706 1473 827 1540 domiui
844 1473 974 1541 Volzite
992 1474 1179 1553 Potestatis,

64 1585 223 1668 Miligosti,
248 1585 433 1652 Saluonerii
458 1591 491 1650 et
515 1583 635 1650 Jacobi
660 1582 774 1664 Drage
794 1583 962 1664 Judieuru,
987 1589 1018 1647 et
1034 1581 1178 1648 Drusine

65 1689 222 1774 lobannis,
239 1715 278 1759 ae
289 1692 598 1774 TolislaiBudislai,
614 1689 878 1756 Camerariorum
890 1689 1025 1755 Consilii
1043 1695 1076 1754 et
1087 1685 1180 1756 Com·

67 1801 220 1868 munitatis
237 1798 390 1866 Ciuitatis
407 1800 512 1882 Nono,
532 1799 575 1864 ad
594 1797 805 1881 infrascripta
821 1797 1008 1880 specialiter
1024 1797 1179 1862 constitu·

67 1911 120 1989 tus,
134 1914 165 1974 rt
181 1909 366 1974 continetur
383 1908 417 1972 in
432 1909 649 1972 instrumento
667 1905 854 1988 syndicutus
871 1904 957 1970 lacto
973 1927 1057 1970 anno
1067 1904 1180 1971 Domi-

67 2017 126 2079 nice
140 2014 381 2080 iucarnationis
398 2014 567 2079 millesimo
589 2013 809 2078 ducentesimo
826 2014 1035 2094 nonagesimo
1052 2016 1181 2094 quarto,

66 2121 228 2186 indictione
243 2123 390 2205 septima,
410 2119 462 2185 die
478 2121 576 2184 tertio
593 2127 730 2185 exeunte
747 2120 883 2199 Martio,
898 2127 932 2184 et
948 2119 1101 2203 scriptum
1120 2141 1179 2202 per

69 2246 182 2294 manum
200 2230 295 2295 Petri
311 2229 474 2295 Nouensis
501 2225 636 2293 Notarii
652 2251 672 2292 a
688 2249 738 2293 me
755 2225 903 2293 Antonio
923 2227 1043 2294 Judice
1069 2235 1102 2293 et
1113 2225 1180 2291 No-

69 2338 143 2400 tario
168 2337 253 2402 infra
280 2338 402 2420 scripto
427 2338 495 2401 viso
521 2342 554 2401 et
569 2337 654 2401 lecto
671 2337 800 2400 nomine
816 2341 848 2400 et
864 2337 932 2399 vice
948 2336 1109 2401 dictorum
1125 2335 1182 2400 do-

69 2445 137 2508 mini
153 2445 344 2527 Potestatis,
373 2445 540 2525 Judicum,
566 2444 839 2526 Caurerariorum,
864 2443 1014 2527 Consilii,
1039 2451 1072 2510 et
1088 2443 1182 2510 Com·

70 2554 225 2619 munitatis
241 2552 346 2634 None,
375 2561 407 2618 et
432 2575 492 2638 pro
508 2553 588 2637 ipsis
615 2552 762 2618 omnibus
787 2553 944 2636 solempni
969 2553 1181 2637 stipulatione

70 2662 213 2744 promisit,
230 2684 265 2727 se
280 2661 446 2730 facturuln
463 2668 495 2726 et
511 2667 709 2746 curaturum,
736 2663 824 2728 omni
841 2664 1026 2747 exceptione
1043 2668 1076 2726 et
1092 2683 1184 2728 occa·

71 2768 148 2834 sione
163 2773 307 2852 remotis
325 2773 412 2854 quod
429 2771 548 2836 nobilis
564 2774 615 2836 vir
631 2772 779 2838 dominus
796 2772 959 2854 Georgius
977 2771 1183 2836 ComesBre·

71 2873 222 2960 beriensiS,
239 2885 304 2943 tarn
323 2901 381 2944 suo
393 2881 521 2945 nomine
532 2887 706 2946 etsuorum
717 2881 892 2963 bominum,
908 2903 1005 2963 quam
1016 2879 1183 2945 bominum

72 2987 99 3045 et
112 2983 296 3051 Communis
314 2985 455 3068 Almisii,
470 2988 565 3052 firma
581 2993 613 3052 et
629 2993 704 3052 rata
720 2987 854 3052 babebit
871 2995 904 3053 et
920 2987 1051 3068 tenebit,
1077 2985 1184 3051 obser·

72 3091 161 3171 uabit,
187 3099 221 3156 et
247 3092 440 3176 adimplebit
457 3093 566 3158 omnia
582 3099 615 3158 et
631 3095 760 3176 singula
775 3100 881 3178 pacta,
908 3095 989 3159 inita
1006 3102 1039 3158 et
1054 3093 1185 3158 firmata

72 3196 106 3261 de
127 3205 264 3283 treugua
281 3205 314 3265 et
330 3221 425 3284 super
443 3207 581 3284 treugua
596 3201 727 3267 Almisii
744 3219 805 3284 per
820 3204 926 3286 ipsum
944 3200 1105 3268 Comitem
1122 3199 1185 3266 Ge·

73 3307 196 3389 orgium,
222 3313 258 3373 vt
274 3329 375 3392 supra
391 3309 516 3375 dictum
540 3317 599 3394 est,
616 3332 696 3401 ‚curn
713 3311 855 3394 Egregio
882 3311 953 3375 uiro
974 3311 1104 3376 domiuo
1120 3309 1187 3374 Ro·

73 3414 151 3494 gerio
162 3413 359 3480 Mauroceno
368 3415 393 3481 J
394 3417 527 3482 adreusi
538 3414 675 3500 Comite,
691 3418 863 3501 recipienti
880 3425 912 3483 et
928 3417 1102 3502 stipulanti
1117 3418 1186 3484 vice

73 3527 101 3584 et
121 3523 245 3588 nominc
272 3523 417 3588 Illustris
442 3524 564 3589 domini
582 3523 684 3590 Ducis
701 3523 923 3606 Verretiurum,
949 3522 1138 3592 Communis
1155 3532 1188 3590 et

73 3627 224 3696 hominum
237 3630 392 3699 Ciuitatis
409 3632 564 3714 ciusdem,
580 3653 639 3698 nec
655 3654 720 3698 non
737 3643 770 3698 et
786 3633 1017 3715 habitatorum,
1036 3633 1188 3712 fidelium,

74 3737 289 3821 subiectorum,
306 3746 339 3806 et
354 3741 605 3806 districtualiurn
622 3763 761 3823 suorum,
777 3743 915 3825 scriptas
942 3749 974 3808 et
991 3742 1114 3827 scripta
1130 3763 1188 3826 per

72 3864 116 3910 me
131 3849 307 3915 Antonium
325 3848 489 3932 quondam
506 3847 705 3914 Rolnuduxii
721 3849 761 3913 de
778 3848 937 3930 Bononia,
963 3831 1132 3933 imperiali
1149 3869 1188 3914 ac

73 3949 263 4022 Prelectoria
289 3957 484 4021 auctoritate
500 3955 525 4020 J
527 3956 652 4020 udinem
677 3963 710 4020 et
725 3955 910 4036 Notarium,
936 3977 1021 4020 anno
1037 3963 1070 4021 ct
1087 3955 1188 4021 indie-

71 4063 149 4128 tione
164 4065 329 4148 predictis
345 4065 397 4130 die
414 4063 575 4129 dominico
593 4065 748 4147 vigesimo
760 4070 876 4128 octauo
888 4062 1014 4144 Martii,
1031 4070 1062 4128 et
1079 4064 1184 4129 eidem

72 4167 168 4252 Bugio
194 4173 328 4257 syndico
355 4173 478 4238 seriose
505 4179 539 4236 et
557 4172 768 4254 singulariter
783 4195 822 4238 ac
840 4172 1047 4254 integraliter
1062 4193 1121 4257 per
1137 4192 1188 4236 mc

1 4267 2 4286 ¹
71 4275 127 4340 inm
144 4279 264 4346 dietum
276 4279 459 4346 Antonium
469 4279 646 4344 Notarium
663 4280 749 4344 lecta
766 4287 798 4346 et
815 4280 927 4362 lectas,
944 4286 976 4345 et
992 4301 1056 4345 non
1073 4285 1190 4347 contra

72 4381 159 4450 saciet
173 4387 223 4452 rel
240 4388 347 4454 veniet
362 4389 474 4471 aliqua
490 4387 625 4467 ratione,
642 4387 783 4468 ingenio,
799 4389 866 4452 siue
884 4409 982 4453 carisa
1002 4388 1041 4452 dc
1059 4389 1128 4454 iure
1139 4389 1190 4454 uel

74 4488 110 4554 de
121 4493 209 4558 iacto
227 4493 288 4559 sub
309 4515 393 4578 pena
410 4495 568 4560 librarum
585 4493 724 4566 duorum
740 4495 876 4560 millium
895 4501 927 4560 et
943 4498 1193 4580 quingentorum
