3234 5238
648 325 741 389 1276.
1194 321 1232 388 39

224 503 252 564 2.
271 499 435 584 Scriptum
448 507 497 565 est
511 501 668 566 uniuersis
684 505 751 566 tum
762 501 874 566 amicis
886 519 981 580 quarn
993 498 1143 566 fidelibus
1162 524 1234 585 pre

116 613 222 673 sentes
237 607 368 675 litteras
382 607 575 694 inspecturis
599 612 659 674 etc.

220 712 282 798 (Ut
299 713 413 802 supra)
430 714 513 782 Cum
529 713 677 781 Gilectus
694 716 780 782 lator
797 717 995 798 presentium
1007 715 1111 782 tidelis
1122 723 1232 782 noster

115 823 158 889 ad
184 823 353 892 Illustrem
379 823 505 908 Regem
532 823 686 908 Vagarie,
710 823 812 890 filium
844 833 990 891 nostrum
1021 824 1233 904 karissimum,

116 953 219 1016 nuper
234 933 388 1000 accedat:
404 934 524 1000 amicos
540 933 733 1016 requirimus
749 939 818 1016 etc,
828 933 914 1016 quod
923 933 1059 998 eundem
1072 931 1234 1000 (dilectum

118 1038 274 1106 habentes
290 1041 397 1108 nostri
411 1041 530 1107 amoris
546 1041 666 1106 iutuitu
682 1043 873 1125 propensius
889 1039 1153 1120 commendatum,
1164 1042 1232 1108 nul-

116 1145 182 1212 lam
196 1147 346 1214 inferatis
361 1148 466 1216 eidem
487 1148 668 1214 molestiam
699 1155 756 1214 etc
788 1147 913 1214 Datum
939 1149 1043 1214 Romo
1060 1148 1111 1212 die
1128 1147 1220 1217 XIV

113 1251 243 1339 Aprilis
257 1255 316 1326 IV.
334 1256 528 1324 indictionis.

196 1403 233 1466 (A
247 1403 388 1470 »Registri
398 1403 548 1468 Augioini«
558 1404 588 1453 B.
600 1409 641 1454 23.
661 1419 696 1457 aa
708 1405 774 1468 Beg.
786 1404 881 1454 Karoli
895 1403 916 1454 1.
931 1403 1016 1454 tritten.
1029 1409 1069 1452 9⁴2.
1086 1403 1147 1466 teve
1159 1417 1184 1452 u.
1196 1401 1233 1465 ο.)

597 1547 755 1558 ——u-——u-

650 1733 701 1794 39.

109 1875 138 1937 I.
156 1875 285 1961 Ko'roly
300 1873 426 1940 sicilici
441 1876 621 1962 loirdlyuok
638 1876 829 1939 r'ute'zkedrisc
847 1877 946 1961 Fay-if
980 1875 1146 1938 Pontiano
1164 1897 1231 1937 ma·

106 1981 390 2068 yper-szlavonice?
415 1984 698 2066 sz.·jdnoar·endick
724 1984 901 2070 perp'elc'oek
918 1985 1079 2067 dunijddo
1095 1985 1230 2046 *utrrzrisu

517 2094 706 2179 ldrpydbuu.
727 2095 819 2156 1276.

219 2231 386 2317 Scriptum
401 2241 450 2300 est
465 2233 644 2302 Portulano
660 2233 772 2319 Barolj
791 2240 850 2299 etc.

217 2340 406 2425 Religiosus
422 2341 471 2406 vir
486 2340 587 2407 frater
604 2342 740 2410 Pontius
756 2342 795 2407 de
812 2341 883 2424 Fay
901 2339 1032 2408 Ordinis
1043 2335 1227 2420 Hospitalis

109 2449 206 2516 Prior
222 2449 371 2535 Vngarie
403 2456 436 2516 et
466 2448 637 2517 Solanonie
667 2453 701 2517 in
731 2457 843 2518 nostra
874 2451 1041 2534 proposuit
1064 2446 1226 2532 presentia

1 2595 2 2653 4
109 2560 315 2640 constitutus,
339 2560 426 2643 quod
451 2560 636 2626 carissimus
660 2561 807 2626 domiuus
824 2567 855 2625 et
875 2559 1003 2642 genitor
1019 2564 1128 2622 nostor
1145 2555 1226 2620 Por·

1 2695 2 2722 n
109 2667 222 2734 tulano
239 2667 416 2752 Brrmdusij
443 2689 547 2752 nuper
574 2688 634 2751 pro
659 2669 772 2734 eodem
797 2667 912 2734 Priore
928 2665 1059 2750 scripsit
1075 2685 1133 2748 per
1150 2685 1225 2731 suas

106 2772 241 2842 lictores
257 2776 291 2842 iu
307 2775 370 2842 hac
391 2774 514 2841 forma:

216 2882 363 2950 Karolus
379 2881 441 2967 Dej
459 2885 569 2967 gratia
593 2882 665 2949 Rex
691 2882 800 2950 Sicilie
826 2889 887 2948 etc.
914 2879 1102 2947 Portulanis
1119 2879 1223 2944 Brun·

106 2992 192 3075 dnsij
211 2998 271 3058 etc.
287 2991 457 3057 Fidelitati
489 2997 591 3058 vestre
617 2992 823 3076 precipiendo
849 2991 1047 3067 mandamus,
1066 2991 1224 3071 quatenus

104 3099 298 3183 religiosum
313 3100 417 3166 virum
432 3099 568 3166 fratrem
583 3099 737 3166 Pontium
753 3099 793 3164 de
808 3099 878 3184 Fay
888 3097 1022 3164 Ordinis
1038 3093 1224 3179 Hospitalis

104 3207 257 3276 Priorem
272 3205 418 3291 Vngarie
446 3213 481 3271 et
510 3205 694 3286 Sclanonie
726 3207 885 3274 volentem
919 3206 961 3271 ad
992 3202 1219 3269 ultramarinas

104 3322 217 3400 partes
235 3315 398 3396 accedere,
424 3316 511 3382 exire
528 3315 567 3381 de
584 3323 680 3400 portu
704 3314 882 3400 Brundusij
909 3338 981 3381 oum
997 3319 1137 3397 quatuor
1152 3331 1222 3378 ron-

104 3425 187 3490 rinis
215 3429 249 3490 et
265 3427 339 3490 octo
355 3423 459 3503 mulis,
476 3447 515 3489 ac
531 3424 600 3490 eius
616 3424 748 3508 familia,
778 3445 837 3492 neo
862 3446 923 3490 non
941 3445 1011 3490 cum
1027 3419 1222 3488 victualibus

104 3554 164 3617 pro
182 3553 241 3598 vsu
259 3551 317 3596 suo
334 3552 372 3596 ac
403 3530 535 3606 familie,
565 3554 603 3596 ac
633 3553 762 3598 annona
792 3532 981 3599 animalium
1012 3533 1152 3614 ipsorum
1178 3530 1221 3595 ed

102 3639 281 3706 transitum
312 3635 556 3720 sufficientibus,
587 3637 688 3704 libere
719 3640 927 3722 permictatis.
959 3639 1104 3721 Prou1s0,
1136 3638 1221 3722 quod

103 3767 205 3831 equos
236 3745 280 3812 ad
313 3767 405 3812 arma
436 3767 491 3812 sen
518 3746 583 3812 alia
607 3746 776 3830 prohibita·
803 3769 911 3812 secum
935 3748 1141 3829 aliquatenus
1159 3768 1222 3811 non

103 3855 304 3922 transducat
329 3853 539 3922 Presentibus
563 3863 639 3939 post
663 3876 787 3920 menses
813 3856 893 3921 duos
918 3857 1046 3920 minime
1062 3853 1220 3920 valituris.

104 3962 230 4030 Datum
246 3962 352 4028 Rome
366 3983 426 4047 per
451 3961 649 4046 Magistrum
671 3961 878 4030 Guillelmum
903 3963 943 4028 de
962 3962 1143 4029 Fariduillo
1160 3968 1219 4028 etc.

103 4070 158 4136 die
175 4071 217 4140 V.
233 4069 349 4154 Martij
375 4068 458 4134 IHI.
483 4070 676 4136 indictionis.

213 4177 325 4262 Quare
340 4177 425 4244 idem
439 4178 539 4243 Prior
570 4182 703 4263 petebat
719 4202 739 4246 a
756 4179 855 4262 nobis,
869 4185 906 4245 u'c
922 4182 1075 4262 cumipse
1091 4200 1155 4243 non
1179 4180 1220 4245 de

16 4313 19 4320 ·
107 4287 297 4370 Brundusij,
313 4284 370 4352 sed
385 4284 425 4350 de
442 4286 553 4370 Barolj
587 4293 684 4372 portu
700 4288 797 4370 exire,
813 4311 851 4353 ac
867 4288 908 4352 ad
925 4286 1053 4353 easdem
1070 4289 1220 4356 ultrama-

104 4397 193 4462 rinas
209 4401 322 4479 partes
339 4393 493 4460 accedere
510 4416 569 4461 sua
585 4396 618 4460 in
644 4395 705 4460 hac
721 4401 815 4478 parte
837 4397 1065 4463 commoditate
1081 4405 1219 4483 pensata

105 4506 283 4588 proponat:
299 4502 471 4588 prouidere
487 4503 549 4571 sibi
565 4525 660 4588 super
676 4503 737 4570 hoc
753 4512 910 4586 oportuno
935 4505 1076 4573 remedio
1092 4529 1219 4574 curare-
