3222 5240
390 411 453 478 256
746 417 1161 480 onnonacarnnmarm.

391 597 521 674 guntur,
546 611 586 655 ex
610 590 792 656 venditione
808 593 1037 657 nonnullorum
1053 613 1091 656 ex
1115 580 1273 675 predictis
1290 588 1456 670 iocalibus,
1471 594 1506 654 nt

389 699 578 785 predicitur,
592 701 655 783 ipsi
670 699 758 766 fecta
774 701 807 764 in
822 700 979 784 predictis
994 700 1153 767 carolenis
1170 701 1301 782 argenti
1316 698 1425 764 ancias
1441 717 1506 763 sex·

389 814 502 874 centes
517 808 655 874 sedecim
671 814 803 875 tarenos
819 815 887 875 tres
903 814 936 874 et
951 829 1057 893 grana
1072 814 1207 892 septem.
1224 807 1310 874 Item
1326 828 1387 890 per
1400 826 1509 872 manns

388 921 536 982 nostrum
552 915 772 999 predictorum
787 921 1032 998 exequutorum,
1056 938 1118 1000 que
1142 916 1271 981 invente
1286 913 1386 979 fluisse
1402 914 1508 980 dicun.

317 1081 324 1094 .
389 1031 443 1089 tur
458 1025 493 1088 in
509 1024 653 1089 serviciis
669 1023 834 1106 quendem
850 1023 980 1089 domiue
995 1022 1122 1106 Regino
1137 1022 1281 1120 prefate,¹
1292 1024 1510 1106 quantitatem

270 1148 275 1157 ·
389 1131 524 1216 pecunie
550 1129 808 1210 subdistinctam,
824 1129 975 1195 videlicet
999 1131 1035 1194 in
1059 1128 1191 1195 florenis
1207 1131 1281 1195 auri
1296 1129 1440 1213 quinque
1454 1149 1511 1213 per

391 1239 502 1304 maias
518 1236 723 1321 computatis,
739 1237 850 1302 ancias
866 1242 1028 1302 trecentas
1054 1237 1172 1319 viginti
1197 1241 1321 1321 septem
1332 1242 1367 1302 et
1382 1233 1510 1303 tarenos

391 1367 467 1428 sex;
484 1365 547 1427 que
563 1343 697 1409 reducte
713 1342 756 1408 ad
771 1341 941 1408 carolenos
973 1343 1103 1427 argenti
1129 1343 1172 1409 ad
1198 1345 1359 1410 rationem
1384 1344 1425 1409 de
1440 1364 1508 1408 sex-

388 1455 504 1537 aginta
518 1451 679 1518 carolenis
695 1455 729 1516 et
751 1451 863 1534 granis
879 1471 935 1515 sex
959 1470 1019 1534 pro
1045 1451 1192 1533 qualibet
1208 1452 1300 1517 vncia
1315 1449 1511 1518 florenorum

388 1559 564 1626 secundum
578 1558 802 1643 prouisiouem
817 1565 851 1623 et
866 1559 1122 1624 decimacionem
1145 1564 1294 1624 nostram
1324 1558 1509 1642 specialiter
1597 1599 1598 1604 κ

388 1667 463 1732 inde
478 1667 601 1734 factam
617 1672 695 1733 sunt
710 1666 745 1730 in
760 1664 918 1749 predictis
935 1666 1095 1732 carolenis
1111 1665 1241 1750 argenti
1256 1666 1351 1731 vncie
1366 1670 1509 1731 trecente

391 1775 604 1859 septuaginta
634 1780 775 1856 quatuor
806 1781 839 1839 et
871 1774 977 1839 tareni
1007 1778 1095 1853 tres;
1119 1775 1199 1840 item
1215 1775 1249 1839 in
1264 1774 1425 1840 carolenis
1442 1773 1511 1839 auri
1596 1765 1598 1836 Ῐ

390 1888 531 1967 quatuor
555 1902 614 1966 per
637 1881 764 1948 nnciam
788 1881 987 1964 computatis
1003 1881 1112 1946 uncias
1136 1880 1226 1946 mille
1251 1887 1400 1948 trecenta
1414 1901 1511 1946 nona·

389 1993 482 2074 ginta
497 1993 631 2074 septom‚
647 2009 709 2072 que
725 1987 860 2054 reducte
875 1987 919 2052 ad
949 1987 1112 2070 predictos
1137 1989 1306 2054 carolenos
1322 1989 1456 2070 argenti
1470 1985 1512 2053 ad

384 2099 546 2166 rationem
561 2096 602 2161 de
619 2093 780 2160 carolenis
795 2095 927 2179 argenti
941 2093 1111 2178 sexaginta
1127 2115 1183 2159 sex
1199 2100 1232 2159 et
1248 2095 1358 2178 granis
1375 2116 1433 2161 sex
1448 2103 1505 2179 pro

383 2205 528 2291 qualibet
550 2203 718 2271 sociarum
733 2201 878 2285 ipsorum
909 2202 1133 2268 caralenorum
1149 2202 1232 2284 auri,
1247 2203 1372 2267 suntin
1388 2202 1506 2268 eisdem

385 2312 544 2380 carolenis
559 2311 691 2395 argenti
706 2310 798 2376 vnoie
822 2309 912 2374 mille
936 2310 1114 2393 quingente
1134 2309 1355 2393 quadraginta
1371 2318 1446 2376 octo
1461 2317 1508 2376 ts·

385 2419 458 2486 reni
474 2419 585 2484 decem
600 2425 633 2483 et
649 2438 754 2501 grana
769 2417 922 2500 quinque,
938 2417 1020 2481 etin
1036 2415 1194 2482 carolenis
1204 2416 1333 2499 argenti
1344 2419 1511 2502 sexaginta

385 2547 445 2610 per
461 2527 588 2591 unciam
613 2525 812 2607 computatis
836 2523 947 2589 uncias
978 2527 1147 2591 sexcentas
1178 2523 1348 2590 duodecim
1378 2531 1509 2591 tarenos

388 2655 445 2699 sex
460 2655 564 2717 grana
579 2631 829 2718 quatuordecim
844 2639 877 2698 et
893 2632 1044 2698 medium.

495 2739 544 2810 Vt
560 2738 610 2826 (a)
641 2740 791 2825 predicta
816 2737 1031 2806 Serenissime
1055 2739 1257 2824 Principissa
1281 2741 1415 2808 domina
1430 2740 1510 2808 San·

389 2847 448 2929 cia,
464 2845 528 2912 Dei
546 2847 656 2931 gratia
671 2845 856 2912 Jemsalem
872 2852 907 2912 et
938 2844 1048 2912 Sicilie
1072 2845 1212 2929 Regina,
1227 2867 1288 2930 pro
1313 2849 1425 2932 precio
1442 2869 1511 2933 pre-

387 2954 473 3019 dicte
488 2974 605 3020 corone
621 2953 663 3020 de
678 2974 758 3020 auro
775 2973 847 3019 cum
863 2953 1002 3019 diuersis
1017 2951 1183 3038 lapidibus
1199 2955 1350 3037 pretiosis
1366 2962 1400 3022 et
1414 2956 1511 3040 perlis

388 3082 488 3146 supra
503 3063 537 3128 iu
552 3063 642 3128 exitu
657 3060 877 3146 predictorum
901 3060 1054 3126 iocalium
1078 3061 1239 3128 distinctis
1257 3067 1290 3128 et
1305 3063 1510 3148 particulari-

388 3175 439 3234 ter
455 3169 631 3236 declaratis
662 3171 697 3234 in
726 3167 884 3253 predictis
915 3168 1076 3234 carolenis
1092 3171 1233 3253 argenti,
1249 3173 1455 3255 computatis,
1480 3179 1511 3236 vt
1597 3257 1598 3260 Ἴ

386 3295 496 3359 supra,
510 3277 601 3341 vncie
616 3275 705 3342 mille
731 3276 945 3360 septuaginta
961 3280 1035 3340 octo
1052 3283 1085 3341 et
1101 3277 1211 3342 tareni
1226 3278 1345 3360 viginti
1361 3285 1446 3346 octo.

493 3381 628 3449 Summa
642 3403 844 3449 summarum
875 3383 981 3450 tocius
1010 3384 1203 3450 uniuersalis
1230 3386 1394 3469 introytus
1411 3387 1510 3452 totius
1596 3407 1598 3436 ⁴

384 3491 567 3575 prescripto
583 3491 721 3573 pecunie
736 3490 809 3556 auri
825 3495 859 3555 et
873 3491 1002 3574 argenti
1017 3490 1154 3556 reducte
1171 3490 1213 3558 ad
1229 3493 1399 3575 predictos
1424 3516 1510 3561 caro·
1597 3547 1598 3556 ,

386 3597 478 3664 lenos
494 3598 625 3681 argenti
639 3598 808 3681 sexaginte
824 3619 883 3682 per
898 3598 1023 3664 vncmm
1044 3605 1262 3684 computatos,
1278 3608 1329 3666 est
1345 3603 1507 3668 unciarum

385 3725 441 3773 sex
456 3706 560 3772 millia
591 3704 805 3773 ducentarum
836 3707 1047 3790 septuaginta
1079 3708 1178 3773 trium
1208 3709 1316 3774 tareni
1349 3708 1461 3777 decem
1478 3715 1509 3775 et
1597 3783 1598 3792 ἢ

385 3833 491 3896 grana
508 3819 657 3897 quatuor.
1597 3871 1598 3876 ,

488 3919 607 3986 Exitus
641 3921 834 3987 universalis
862 3921 1015 4005 pecunie:
1044 3920 1163 3987 Posuit
1187 3920 1293 3989 dicturs
1320 3931 1509 4009 procurator
1596 3937 1598 3980 ῑ

383 4027 519 4094 eundem
542 4027 770 4114 Raymundem
794 4030 930 4096 soluisse
956 4035 989 4094 et
1013 4028 1199 4094 exhibuisse
1220 4034 1253 4094 et
1279 4032 1510 4117 assignassein
1596 4043 1598 4114 ξ

384 4132 532 4219 deposito
552 4157 626 4202 cum
645 4135 799 4219 predictis
819 4135 954 4220 collegis
970 4136 1038 4203 suis
1053 4135 1224 4219 succesus,
1239 4143 1277 4201 ut
1293 4139 1445 4221 seqnitur
1460 4166 1466 4222 ;
1481 4148 1509 4204 ct

382 4244 533 4311 rstinisse
567 4245 731 4329 predictos
769 4244 1001 4330 Raymundnm
1025 4253 1059 4311 et
1092 4245 1291 4329 Magistrum
1327 4246 1508 4316 Johannem

382 4345 423 4415 de
433 4349 580 4419 Venusio
605 4353 639 4418 in
659 4353 959 4436 recompensatione
974 4351 1124 4419 laborum
1139 4372 1200 4437 per
1216 4373 1272 4420 eos
1288 4354 1323 4419 in
1339 4355 1429 4424 dicta
1444 4377 1510 4422 exe·

380 4456 536 4538 qnotione
561 4459 744 4529 subitorum
766 4468 835 4527 tem
861 4460 904 4527 ad
928 4461 1085 4528 mandata
1110 4459 1231 4546 prefati
1257 4462 1382 4530 domini
1403 4463 1508 4544 Ducis,
1596 4475 1598 4510 ⁴

380 4564 591 4646 nostrumque
610 4573 817 4635 executurum
827 4576 861 4635 et
871 4566 1046 4636 Samensis
1056 4569 1214 4653 Episcopi
1223 4574 1407 4656 memorati,
1418 4593 1507 4660 quam
