3174 5236
604 383 698 444 laea.
1168 383 1210 444 85

1 639 2 651 ἶ
99 558 188 624 cessio
204 557 339 642 predicti
355 555 465 639 Regni
482 555 638 639 Vngarie,
654 563 752 641 prout
770 558 883 636 nostis,
901 579 959 622 neo
973 557 1212 640 mundusigno-

98 671 153 743 ret,
167 663 361 730 hereditario
379 662 449 726 ime
466 661 647 728 dinoscitur
678 663 851 729 deuolute:
868 661 1030 728 Karolum
1049 663 1211 730 Comitem

97 772 341 856 primogenitum,
366 767 611 835 Salernitanum
637 769 834 854 Principem,
851 777 884 834 et
916 769 1063 836 Honoris
1078 769 1208 837 Montis

1 937 2 952 ,
97 876 198 945 Sancti
212 877 335 961 Angeli
351 877 565 958 Dominicum,
582 877 624 942 ad
641 877 785 943 eiusdem
817 875 926 959 Regni
951 878 1060 943 sedem
1077 885 1110 943 et
1124 879 1211 962 regi·

96 1007 169 1066 meu,
185 993 280 1070 atque
296 987 331 1049 iu
347 985 449 1069 ipsius
481 983 587 1067 Regni
613 983 738 1068 Regem
764 985 895 1067 eligens,
921 983 1071 1068 Regnum
1103 987 1210 1070 ipsum

97 1093 230 1176 Vngarie
261 1114 332 1157 cum
358 1091 543 1156 bominibus
567 1097 601 1155 et
624 1091 834 1176 pertinentijs
860 1092 926 1156 suis
951 1092 1108 1172 omuibus
1141 1097 1209 1158 tem

95 1200 172 1266 inira
187 1197 270 1286 (igy)
287 1219 385 1283 quam
404 1203 495 1262 extra
511 1197 662 1282 Regnum
678 1199 785 1282 ipsum
801 1198 845 1264 ad
859 1197 946 1264 idem
956 1199 1109 1282 Regnum
1119 1221 1209 1284 speo-

95 1309 237 1392 tantibus,
255 1315 355 1393 prout
370 1307 537 1392 predictus
554 1295 639 1372 bone
655 1307 810 1372 memorie
835 1306 917 1387 Rex,
934 1314 991 1374 ant
1022 1307 1078 1392 alij
1096 1309 1209 1391 prede·

94 1437 227 1484 cessores
244 1436 356 1482 eorum
381 1413 462 1480 illud
487 1421 663 1480 tenuerunt
688 1413 738 1479 vel
769 1420 879 1480 tenere
896 1413 1087 1494 debuerunt,
1104 1414 1207 1481 eidem

92 1523 208 1590 Karolo
225 1530 258 1590 et
274 1525 343 1588 eius
359 1522 534 1588 heredibus
551 1522 590 1588 de
607 1542 698 1588 mera
731 1521 930 1589 liberalitate
947 1530 980 1587 et
996 1531 1139 1588 materne
1155 1544 1207 1588 oa·

91 1634 187 1699 ritatis
202 1631 320 1700 affectu
331 1632 462 1697 duxerit
471 1629 712 1697 concedendum
722 1653 729 1692 :
741 1629 944 1696 nobilitatem
956 1638 988 1695 et
998 1628 1205 1696 dilectionem

91 1749 217 1808 vestram
233 1741 429 1824 requirimus
446 1747 478 1804 et
495 1739 664 1804 hortamur
689 1745 823 1818 attente,
839 1746 1001 1824 quatenus
1017 1738 1120 1804 zelum
1135 1759 1205 1825 pre·

90 1854 169 1914 tacte
183 1847 256 1914 fidei
273 1849 306 1913 in
323 1847 471 1932 predicto
497 1855 608 1911 nostro
636 1847 853 1932 primogenito
880 1854 1099 1932 propagantes
1115 1866 1155 1911 ae
1170 1846 1203 1911 in

90 1964 227 2040 apertam
259 1955 430 2023 studentes
460 1957 565 2021 lucem
592 1977 727 2039 operum
753 1956 923 2036 exhibere,
949 1954 1011 2019 sibi
1045 1963 1203 2039 tauquam

90 2065 198 2148 prefati
214 2064 380 2150 quondam
397 2064 493 2149 Regis
510 2065 687 2130 successori
703 2069 735 2129 et
749 2061 859 2130 heredi
891 2061 1038 2146 legitimo
1063 2079 1204 2145 veroque

57 2180 66 2205 ¹
90 2172 212 2238 domino
229 2178 347 2252 vestro,
364 2193 403 2236 ao
419 2172 448 2235 ei
464 2191 559 2254 quem
576 2171 646 2254 ipse
671 2171 743 2236 loco
771 2171 823 2235 sui
839 2170 882 2236 ad
898 2173 1009 2253 partes
1040 2170 1130 2252 ipsas
1146 2166 1203 2230 du·

89 2281 166 2346 serit
179 2278 416 2359 destinandum,
431 2277 608 2344 efficaciter
619 2278 795 2359 attendere,
805 2283 837 2343 et
847 2277 965 2343 deuote
980 2295 1097 2360 parere
1113 2293 1203 2340 cure·

89 2388 138 2469 tis,
153 2394 247 2472 atque
263 2389 296 2452 in
313 2407 445 2453 suorum
460 2390 705 2469 recuperatione
715 2387 833 2452 iurium
843 2393 959 2451 eontra
978 2389 1203 2468 occupatorem

90 2493 186 2580 Regni
202 2494 347 2580 predicti,
368 2495 502 2578 eiusque
525 2493 699 2577 complices
716 2493 893 2560 efficaciter
908 2491 1114 2577 imprendore
1130 2511 1204 2555 oon·

91 2602 148 2687 silij
165 2610 196 2668 et
211 2602 323 2687 auxilij
342 2603 445 2668 nostri
461 2605 582 2685 partes,
598 2607 633 2665 vt
648 2621 708 2685 per
732 2600 766 2666 id
791 2619 908 2664 nomen
933 2604 1079 2664 nostrum
1096 2598 1204 2681 predi-

90 2716 171 2776 cetur
186 2712 217 2776 in
233 2711 372 2796 populis,
389 2730 428 2776 ac
444 2732 503 2775 nos
530 2714 563 2775 et
579 2708 684 2776 dictus
701 2709 941 2794 primogenitus
957 2713 1067 2774 noster
1083 2713 1115 2771 et
1129 2727 1204 2772 oon·

90 2817 250 2885 stituamur
266 2819 310 2884 ad
326 2817 401 2883 fidei
417 2822 451 2883 et
467 2837 600 2900 operum
626 2824 804 2882 vestrorum
836 2815 953 2880 merita
976 2813 1077 2897 largis
1100 2836 1204 2881 remu·

89 2927 301 2992 neretionibus
319 2925 568 3010 compensanda.
585 2925 664 3008 Ipse
681 2924 800 2988 etenim
816 2943 873 2987 vos
883 2922 1019 2988 caritate
1034 2919 1204 3003 custodiet,

89 3032 204 3098 iustitia
220 3034 351 3116 diriget,
367 3055 406 3098 ac
422 3053 502 3116 pace
518 3033 678 3115 disponet.
705 3030 830 3096 Datum
856 3028 943 3114 apud
973 3027 1122 3094 Montem
1138 3027 1203 3095 Ar·

88 3141 249 3222 gentinum
266 3161 351 3207 anno
367 3141 500 3206 Domini
517 3146 577 3206 eto.
594 3137 675 3208 VII.
692 3138 866 3222 Februarij
884 3135 924 3205 V.
942 3135 1137 3201 indictionis.

186 3321 221 3381 (Δ
236 3321 321 3388 »aeg
335 3321 487 3387 Angioini»
503 3321 537 3371 Δ.
552 3323 594 3370 57.
605 3333 642 3370 ez.
653 3319 720 3385 Reg.
735 3317 832 3370 Karoli
854 3317 890 3370 11.
904 3318 1038 3372 kotetot.
1049 3317 1113 3380 lev,
1126 3331 1152 3370 u.
1163 3319 1200 3380 o.)

560 3519 566 3526 ι
595 3517 615 3522 --
651 3514 719 3525 ιι--ιη

599 3773 672 3834 102.

86 3931 209 4000 Mortell
242 3935 370 4022 Kdroly
396 3931 527 4020 Gylirpy
559 3933 591 3996 e‘s
607 3931 743 3995 Mlodia
766 3929 923 4016 presciret
947 3953 970 3993 a
994 3925 1062 3992 ΙΙΙ.
1088 3927 1201 3993 Eadre

355 4039 451 4104 elicaa‘
466 4039 631 4104 aeterua-a
648 4038 801 4123 breaditja.
821 4038 915 4103 1292.

1 4255 2 4305 3
183 4219 338 4286 Kerolus
354 4218 591 4302 primogenitus
608 4223 667 4282 eto.
693 4215 869 4300 Nobilibus
899 4213 977 4279 viris
993 4209 1115 4278 Oomiti
1141 4207 1206 4279 Ge·

1 4311 2 4347 l
85 4325 168 4409 orgio
185 4335 218 4392 et
233 4326 356 4393 (domiti
374 4323 540 4412 Ylondiuo
552 4325 709 4390 fratribus
720 4329 779 4388 oto.
792 4322 947 4406 Receptis
957 4319 1087 4406 placide
1101 4326 1206 4386 vestre

87 4430 245 4500 fidelitatis
262 4435 388 4501 lioteris
405 4434 534 4499 nouiter
550 4431 645 4498 nobis
661 4431 774 4510 missis,
792 4431 992 4514 exipsorum
1009 4429 1117 4495 relatu
1134 4449 1208 4512 eog-

84 4542 232 4623 uouimus,
248 4565 305 4608 vos
322 4549 356 4608 et
371 4547 498 4608 vestros
532 4540 696 4609 feruentes
724 4538 939 4626 assumpsisse
965 4559 1025 4626 pro
1043 4537 1135 4606 nobis
1153 4557 1205 4606 ue-
