3244 5236
638 445 732 514 1³40.
1188 449 1250 518 391

231 615 459 694 Intelleximus
478 622 588 705 etiam,
604 624 690 710 quod
707 627 943 694 mercatoribus
959 629 1076 696 restris
1092 629 1251 697 transitus

123 735 234 812 potest
249 751 319 794 esse
335 729 519 796 fructuosus
535 735 568 796 et
583 731 671 798 utilis
680 739 893 817 pernostrum
904 733 1064 819 Regnum,
1079 736 1252 820 dirigendo

123 857 255 921 gressus
279 859 354 904 suos
382 859 454 903 cum
479 841 546 904 suis
572 841 790 907 mercimoniis
806 863 918 908 versus
933 841 1253 928 Constantinopolim

124 950 158 1009 et
173 945 354 1028 Imperium
369 944 550 1028 Romanie;
572 947 655 1013 vnde
672 969 744 1015 cum
759 949 882 1015 intuitu
901 958 1018 1030 vestro,
1035 958 1253 1018 mercatorum

124 1059 306 1119 vestrorum
322 1054 492 1120 comodum
508 1057 677 1140 proprium
692 1063 889 1142 reputemus,
914 1057 1006 1124 nobis
1022 1059 1138 1142 placet,
1163 1060 1251 1144 quod

124 1159 293 1244 predictus
318 1161 365 1226 eis
391 1163 550 1230 transitus
576 1186 635 1248 per
650 1165 799 1248 Regnum
824 1173 970 1233 nostrum
995 1171 1116 1252 pateat,
1140 1173 1173 1233 et
1195 1190 1254 1254 per

125 1268 264 1336 eundem
278 1269 405 1335 reditus
421 1269 586 1337 salutaris.
601 1270 649 1338 Et
665 1273 692 1338 si
708 1273 820 1357 aliqua
836 1272 956 1340 damna
972 1296 993 1340 a
1008 1277 1127 1341 nostris
1143 1298 1254 1361 perce·

123 1377 235 1462 perint
259 1376 431 1461 regnicolis
455 1383 651 1444 mercatores
675 1378 805 1464 prefati,
831 1381 911 1465 ipsis
928 1380 968 1446 de
985 1379 1126 1449 (lamera
1141 1392 1255 1450 nostra

125 1483 335 1572 integraliter
350 1486 537 1553 satisfacere
554 1487 736 1554 debeamus.
771 1487 924 1554 Ceterum
941 1489 1069 1570 adhoc,
1094 1496 1129 1556 rt
1145 1491 1255 1558 omnia

124 1600 161 1660 et
177 1595 306 1677 singula
321 1593 469 1677 predicta
485 1596 585 1662 robur
599 1602 634 1662 et
649 1597 838 1662 firmitatem
854 1596 1034 1678 obtineant,
1048 1596 1255 1666 Excellencie

126 1699 250 1768 Vestro
274 1701 403 1785 placeat
428 1701 473 1767 ad
493 1724 552 1768 nos
568 1703 711 1787 aliquem
727 1705 832 1770 virum
848 1705 989 1772 nobilem
1005 1705 1177 1786 destinare,
1202 1706 1255 1772 cui

125 1809 289 1893 possimus
304 1808 376 1875 loco
392 1809 490 1875 vestri
505 1809 594 1876 vocis
611 1809 745 1876 oraculo
762 1811 966 1896 spopondere
982 1812 1042 1877 sub
1058 1814 1182 1880 sanctis
1207 1813 1255 1879 iu·

125 1916 286 1981 ramentis
303 1915 423 1984 debitis
439 1917 650 2002 deponentes,
665 1919 816 1985 uniuersa
832 1925 866 1984 et
881 1919 1009 2002 singula
1018 1922 1052 1986 in
1062 1927 1255 2004 perpetuum

127 2028 319 2089 seruatores
335 2024 465 2091 domino
483 2019 568 2091 Duci
585 2033 619 2093 et
636 2025 872 2093 Communitati
882 2024 1103 2094 Veneciarum
1119 2026 1254 2110 prefate.

236 2131 323 2196 Item
339 2154 410 2197 cum
426 2132 615 2200 infirmitate
629 2133 786 2200 fuerimus
801 2135 910 2200 valida
925 2136 1083 2218 occupati,
1103 2135 1151 2200 ita
1168 2134 1255 2217 quod

127 2237 247 2304 medici
265 2237 411 2304 totaliter
427 2239 467 2304 de
484 2248 599 2308 nostra
614 2243 877 2309 convalescencia
893 2242 1121 2327 desperabant,
1146 2248 1256 2307 votum

126 2347 283 2426 nouimus,
300 2345 387 2428 quod
402 2348 427 2414 J
428 2348 609 2416 erosolimis
625 2350 668 2414 ad
684 2349 842 2416 honorem
858 2349 1043 2417 Saluatoris
1058 2349 1257 2436 solempnem

126 2451 316 2519 Ecclesiam
333 2459 364 2518 et
374 2455 614 2521 Monasterium
630 2457 773 2522 construi
791 2457 952 2538 faciemus
969 2459 997 2523 si
1012 2478 1071 2522 nos
1088 2455 1132 2521 ab
1147 2456 1257 2521 huius·

127 2559 219 2628 modi
236 2561 436 2628 infirmitatis
452 2565 608 2646 voragine
624 2565 791 2632 liberaret.
828 2563 930 2631 Ouius
945 2569 1056 2650 gratia
1071 2564 1257 2648 impetrata,

127 2667 217 2754 quod
242 2691 298 2733 ore
332 2670 548 2753 promisimus,
579 2674 776 2739 intendimus
802 2673 916 2758 exequi
940 2695 999 2757 per
1025 2671 1173 2737 effectum
1199 2692 1258 2754 per

128 2782 239 2841 certos
264 2783 391 2843 nostros
416 2777 551 2859 nubilae,
576 2801 658 2862 quos
683 2779 761 2845 illuc
776 2803 848 2846 cnm
863 2801 985 2862 magna
1002 2777 1187 2862 quantitate
1203 2799 1258 2861 pe·

129 2883 224 2949 cunie
249 2883 447 2950 intendimus
471 2885 731 2952 transmandaro.
771 2885 866 2954 Vnde
891 2907 964 2952 oum
980 2907 1044 2951 non
1061 2885 1258 2951 confidamus

128 2991 237 3056 dictos
252 2997 380 3058 nostros
396 2993 531 3076 nobiles,
547 3014 629 3076 quos
644 2994 722 3060 illuc
737 3015 811 3059 cum
826 3014 948 3078 magna
964 2993 1150 3076 quantitate
1165 3012 1259 3074 pecu·

128 3100 185 3164 nie
201 3098 400 3165 intendimus
417 3101 676 3184 transmandare,
692 3107 725 3166 et
740 3101 861 3166 dictam
875 3100 1047 3184 pecuniam
1063 3097 1258 3163 inmanibus

129 3226 253 3290 ponere
268 3207 407 3272 aliorum
424 3207 625 3275 solummodo
641 3209 675 3273 in
690 3209 826 3288 restris3
849 3209 1094 3291 proximitatem
1110 3210 1261 3290 vestram,

130 3313 173 3378 de
191 3333 256 3394 qua
271 3313 366 3397 plene
381 3314 572 3381 confidimus
588 3321 621 3382 et
636 3336 812 3400 speramus,
838 3315 1031 3399 requirimus
1048 3320 1080 3380 et
1096 3333 1260 3394 rogamus,
1277 3305 1278 3308 '

129 3426 292 3504 quatenus
318 3421 410 3487 nobis
436 3422 624 3488 concedatis
649 3423 713 3488 duo
739 3443 879 3506 corpora
909 3421 1077 3505 galearum
1101 3439 1201 3502 usque
1226 3421 1260 3484 in

130 3527 289 3613 Cyprum,
313 3530 348 3594 in
374 3530 490 3612 quibus
515 3529 595 3594 dicti
613 3528 739 3595 nobiles
755 3529 925 3613 perficient
940 3535 1016 3595 vota
1030 3534 1153 3609 nostra,
1179 3547 1260 3610 quas

129 3635 177 3702 ad
191 3641 322 3701 nostras
339 3657 495 3720 expensas
512 3635 666 3702 faciemus
681 3636 813 3715 armari,
838 3641 872 3706 vt
888 3634 1062 3718 expediens
1078 3633 1184 3698 luerit.
1215 3633 1260 3698 Et

129 3745 212 3828 quia
228 3742 267 3808 de
283 3765 391 3809 mense
401 3743 546 3827 Augusti
563 3748 661 3809 vestri
677 3750 858 3809 armatcres
876 3747 950 3807 sunt
966 3741 1044 3807 ituri
1060 3763 1132 3808 cum
1148 3739 1260 3823 galeiS,

128 3854 264 3938 placeat
289 3853 381 3918 robis
397 3853 441 3918 ad
457 3853 526 3935 hoc,
553 3858 587 3917 vt
601 3851 775 3935 perficiant
790 3851 852 3915 iter
867 3871 968 3930 suum,
986 3847 1071 3932 quod
1087 3847 1209 3914 vadant
1225 3847 1259 3912 in

128 3959 341 4026 concordium
358 3959 552 4040 earumdem,
577 3961 729 4043 ipsasque
745 3957 852 4022 velitis
868 3955 1062 4022 comendare
1078 3951 1260 4037 Capitaneo

129 4068 302 4152 galearum
325 4069 480 4156 ipsarum,
504 4074 541 4134 vt
566 4067 671 4132 dictas
687 4065 797 4149 galeas
813 4087 911 4148 usque
927 4065 961 4130 in
978 4063 1121 4149 Cyprum
1136 4060 1260 4144 aliqua·

127 4185 228 4243 tenus
243 4198 308 4242 non
324 4182 515 4263 sequestret,
533 4182 581 4242 set
598 4176 638 4241 de
653 4177 701 4242 eis
717 4195 828 4241 curam
843 4173 964 4240 habeat
979 4171 1162 4257 specialem.

240 4337 274 4403 (Α
293 4340 396 4406 »copia
408 4342 442 4392 de
458 4340 698 4392 Commemoriali‹
713 4339 801 4390 csimtt
816 4338 956 4390 velenczei
968 4334 1205 4400 allamkbnyrbul.
1233 4333 1261 4388 11

125 4433 192 4492 kdt.
209 4433 251 4482 l'l.
265 4427 332 4502 lea)

590 4607 751 4627 lm
