<?xml version="1.0" encoding="UTF-8"?>
<!DOCTYPE html PUBLIC "-//W3C//DTD XHTML 1.0 Transitional//EN"
    "http://www.w3.org/TR/xhtml1/DTD/xhtml1-transitional.dtd">
<html xmlns="http://www.w3.org/1999/xhtml" xml:lang="en" lang="en">
 <head>
  <title>
</title>
<meta http-equiv="Content-Type" content="text/html;charset=utf-8" />
  <meta name='ocr-system' content='tesseract 3.04.00' />
  <meta name='ocr-capabilities' content='ocr_page ocr_carea ocr_par ocr_line ocrx_word'/>
</head>
<body>
  <div class='ocr_page' id='page_1' title='image "./magyardiplomacz02wenzgoog_0202.png"; bbox 0 0 3170 5234; ppageno 0'>
   <div class='ocr_carea' id='block_1_1' title="bbox 380 289 1155 350">
    <p class='ocr_par' dir='ltr' id='par_1_1' title="bbox 380 289 1155 350">
     <span class='ocr_line' id='line_1_1' title="bbox 380 289 1155 350; baseline -0.004 0"><span class='ocrx_word' id='word_1_1' title='bbox 380 289 442 350; x_wconf 86' lang='grc'>166</span> <span class='ocrx_word' id='word_1_2' title='bbox 734 305 968 350; x_wconf 75' lang='lat' dir='ltr'>nmrouaenmi</span> <span class='ocrx_word' id='word_1_3' title='bbox 989 292 1155 348; x_wconf 39' lang='lat' dir='ltr'>uuistuom</span> 
     </span>
    </p>
   </div>
   <div class='ocr_carea' id='block_1_2' title="bbox 341 461 1580 4530">
    <p class='ocr_par' dir='ltr' id='par_1_2' title="bbox 376 461 1580 1841">
     <span class='ocr_line' id='line_1_2' title="bbox 379 461 1490 545; baseline -0.004 -17"><span class='ocrx_word' id='word_1_4' title='bbox 379 463 534 529; x_wconf 86' lang='lat' dir='ltr'>Januarii</span> <span class='ocrx_word' id='word_1_5' title='bbox 553 464 603 529; x_wconf 87' lang='lat' dir='ltr'>die</span> <span class='ocrx_word' id='word_1_6' title='bbox 622 465 724 529; x_wconf 89' lang='lat' dir='ltr'>tercio</span> <span class='ocrx_word' id='word_1_7' title='bbox 746 470 891 545; x_wconf 87' lang='lat' dir='ltr'>exeunte,</span> <span class='ocrx_word' id='word_1_8' title='bbox 919 472 1054 531; x_wconf 88' lang='lat' dir='ltr'>vacante</span> <span class='ocrx_word' id='word_1_9' title='bbox 1080 463 1154 527; x_wconf 91' lang='lat' dir='ltr'>sede</span> <span class='ocrx_word' id='word_1_10' title='bbox 1172 463 1280 545; x_wconf 83' lang='lat' dir='ltr'>Regni</span> <span class='ocrx_word' id='word_1_11' title='bbox 1310 461 1490 543; x_wconf 87' lang='lat' dir='ltr'>Hungnrini‚</span> 
     </span>
     <span class='ocr_line' id='line_1_3' title="bbox 379 569 1496 656; baseline -0.003 -21"><span class='ocrx_word' id='word_1_12' title='bbox 379 572 645 656; x_wconf 78' lang='lat' dir='ltr'>temporibusque</span> <span class='ocrx_word' id='word_1_13' title='bbox 664 573 858 638; x_wconf 87' lang='lat' dir='ltr'>venerabilis</span> <span class='ocrx_word' id='word_1_14' title='bbox 878 575 984 656; x_wconf 87' lang='lat' dir='ltr'>patris</span> <span class='ocrx_word' id='word_1_15' title='bbox 1004 571 1125 636; x_wconf 92' lang='lat' dir='ltr'>domini</span> <span class='ocrx_word' id='word_1_16' title='bbox 1154 569 1316 654; x_wconf 86' lang='lat' dir='ltr'>N(inolai)</span> <span class='ocrx_word' id='word_1_17' title='bbox 1348 569 1409 634; x_wconf 91' lang='lat' dir='ltr'>Dei</span> <span class='ocrx_word' id='word_1_18' title='bbox 1435 588 1496 650; x_wconf 85' lang='lat' dir='ltr'>gra-</span> 
     </span>
     <span class='ocr_line' id='line_1_4' title="bbox 376 675 1495 765; baseline -0.004 -21"><span class='ocrx_word' id='word_1_19' title='bbox 376 681 426 744; x_wconf 87' lang='lat' dir='ltr'>tia</span> <span class='ocrx_word' id='word_1_20' title='bbox 464 680 619 763; x_wconf 83' lang='lat' dir='ltr'>Episcopi</span> <span class='ocrx_word' id='word_1_21' title='bbox 657 679 864 762; x_wconf 75' lang='lat' dir='ltr'>SegniensiS‚</span> <span class='ocrx_word' id='word_1_22' title='bbox 903 681 1031 763; x_wconf 88' lang='lat' dir='ltr'>virique</span> <span class='ocrx_word' id='word_1_23' title='bbox 1067 680 1189 765; x_wconf 85' lang='lat' dir='ltr'>egregii</span> <span class='ocrx_word' id='word_1_24' title='bbox 1215 679 1337 744; x_wconf 88' lang='lat' dir='ltr'>domini</span> <span class='ocrx_word' id='word_1_25' title='bbox 1387 675 1495 758; x_wconf 76' lang='lat' dir='ltr'>Dnymi</span> 
     </span>
     <span class='ocr_line' id='line_1_5' title="bbox 378 783 1580 873; baseline -0.002 -22"><span class='ocrx_word' id='word_1_26' title='bbox 378 783 517 853; x_wconf 82' lang='lat' dir='ltr'>Comitis</span> <span class='ocrx_word' id='word_1_27' title='bbox 543 789 656 873; x_wconf 85' lang='lat' dir='ltr'>Vegle‚</span> <span class='ocrx_word' id='word_1_28' title='bbox 682 790 849 872; x_wconf 86' lang='lat' dir='ltr'>Vinodoii,</span> <span class='ocrx_word' id='word_1_29' title='bbox 873 789 1036 855; x_wconf 88' lang='lat' dir='ltr'>Modruxe</span> <span class='ocrx_word' id='word_1_30' title='bbox 1061 795 1161 870; x_wconf 87' lang='lat' dir='ltr'>atque</span> <span class='ocrx_word' id='word_1_31' title='bbox 1188 786 1316 870; x_wconf 84' lang='lat' dir='ltr'>Segnia,</span> <span class='ocrx_word' id='word_1_32' title='bbox 1336 785 1496 852; x_wconf 85' lang='lat' dir='ltr'>secundnm</span> <span class='ocrx_word' id='word_1_33' title='bbox 1579 837 1580 840; x_wconf 63' lang='lat'>,</span> 
     </span>
     <span class='ocr_line' id='line_1_6' title="bbox 378 893 1580 981; baseline -0.008 -18"><span class='ocrx_word' id='word_1_34' title='bbox 378 918 501 963; x_wconf 91' lang='lat' dir='ltr'>morem</span> <span class='ocrx_word' id='word_1_35' title='bbox 518 897 650 962; x_wconf 88' lang='lat' dir='ltr'>solitum</span> <span class='ocrx_word' id='word_1_36' title='bbox 666 896 708 961; x_wconf 87' lang='lat' dir='ltr'>ad</span> <span class='ocrx_word' id='word_1_37' title='bbox 725 919 839 962; x_wconf 87' lang='lat' dir='ltr'>sonum</span> <span class='ocrx_word' id='word_1_38' title='bbox 856 919 1012 981; x_wconf 87' lang='lat' dir='ltr'>campane</span> <span class='ocrx_word' id='word_1_39' title='bbox 1028 898 1131 980; x_wconf 90' lang='lat' dir='ltr'>ipsius</span> <span class='ocrx_word' id='word_1_40' title='bbox 1148 893 1305 960; x_wconf 83' lang='lat' dir='ltr'>Ciuitatis</span> <span class='ocrx_word' id='word_1_41' title='bbox 1323 893 1495 977; x_wconf 83' lang='lat' dir='ltr'>Segniensis</span> <span class='ocrx_word' id='word_1_42' title='bbox 1578 911 1580 952; x_wconf 72' lang='lat'><em>2</em></span> 
     </span>
     <span class='ocr_line' id='line_1_7' title="bbox 379 1001 1493 1090; baseline -0.003 -22"><span class='ocrx_word' id='word_1_43' title='bbox 379 1001 525 1069; x_wconf 82' lang='lat' dir='ltr'>Consilio</span> <span class='ocrx_word' id='word_1_44' title='bbox 543 1027 641 1090; x_wconf 89' lang='lat' dir='ltr'>super</span> <span class='ocrx_word' id='word_1_45' title='bbox 657 1005 854 1089; x_wconf 87' lang='lat' dir='ltr'>campusium</span> <span class='ocrx_word' id='word_1_46' title='bbox 865 1027 954 1070; x_wconf 90' lang='lat' dir='ltr'>more</span> <span class='ocrx_word' id='word_1_47' title='bbox 965 1005 1060 1070; x_wconf 90' lang='lat' dir='ltr'>solito</span> <span class='ocrx_word' id='word_1_48' title='bbox 1070 1003 1281 1088; x_wconf 84' lang='lat' dir='ltr'>solempniter</span> <span class='ocrx_word' id='word_1_49' title='bbox 1298 1007 1493 1085; x_wconf 85' lang='lat' dir='ltr'>congregato,</span> 
     </span>
     <span class='ocr_line' id='line_1_8' title="bbox 378 1107 1580 1198; baseline -0.002 -24"><span class='ocrx_word' id='word_1_50' title='bbox 378 1111 433 1175; x_wconf 92' lang='lat' dir='ltr'>nbi</span> <span class='ocrx_word' id='word_1_51' title='bbox 462 1109 558 1176; x_wconf 86' lang='lat' dir='ltr'>affuit</span> <span class='ocrx_word' id='word_1_52' title='bbox 585 1114 831 1195; x_wconf 75' lang='lat' dir='ltr'>prenominatus</span> <span class='ocrx_word' id='word_1_53' title='bbox 861 1113 1010 1178; x_wconf 89' lang='lat' dir='ltr'>dominus</span> <span class='ocrx_word' id='word_1_54' title='bbox 1040 1109 1156 1176; x_wconf 81' lang='lat' dir='ltr'>Comes</span> <span class='ocrx_word' id='word_1_55' title='bbox 1186 1109 1343 1194; x_wconf 80' lang='lat' dir='ltr'>Dnymus,</span> <span class='ocrx_word' id='word_1_56' title='bbox 1370 1107 1494 1192; x_wconf 82' lang='lat' dir='ltr'>prefecti</span> <span class='ocrx_word' id='word_1_57' title='bbox 1579 1159 1580 1198; x_wconf 39' lang='lat' dir='ltr'>p</span> 
     </span>
     <span class='ocr_line' id='line_1_9' title="bbox 379 1216 1580 1306; baseline -0.006 -21"><span class='ocrx_word' id='word_1_58' title='bbox 379 1218 596 1285; x_wconf 87' lang='lat' dir='ltr'>Vicecomites</span> <span class='ocrx_word' id='word_1_59' title='bbox 606 1228 638 1284; x_wconf 89' lang='lat' dir='ltr'>et</span> <span class='ocrx_word' id='word_1_60' title='bbox 647 1219 784 1285; x_wconf 88' lang='lat' dir='ltr'>Judioes</span> <span class='ocrx_word' id='word_1_61' title='bbox 795 1217 912 1300; x_wconf 83' lang='lat' dir='ltr'>Graue,</span> <span class='ocrx_word' id='word_1_62' title='bbox 921 1220 1029 1302; x_wconf 87' lang='lat' dir='ltr'>Moysi</span> <span class='ocrx_word' id='word_1_63' title='bbox 1042 1227 1074 1284; x_wconf 89' lang='lat' dir='ltr'>et</span> <span class='ocrx_word' id='word_1_64' title='bbox 1090 1219 1221 1299; x_wconf 88' lang='lat' dir='ltr'>Pribne,</span> <span class='ocrx_word' id='word_1_65' title='bbox 1231 1219 1354 1282; x_wconf 90' lang='lat' dir='ltr'>dudum</span> <span class='ocrx_word' id='word_1_66' title='bbox 1363 1216 1495 1296; x_wconf 83' lang='lat' dir='ltr'>Jndices,</span> <span class='ocrx_word' id='word_1_67' title='bbox 1579 1225 1580 1306; x_wconf 61' lang='lat' dir='ltr'>J</span> 
     </span>
     <span class='ocr_line' id='line_1_10' title="bbox 378 1323 1495 1411; baseline 0 -19"><span class='ocrx_word' id='word_1_68' title='bbox 378 1327 533 1392; x_wconf 88' lang='lat' dir='ltr'>Marinus</span> <span class='ocrx_word' id='word_1_69' title='bbox 543 1327 678 1392; x_wconf 86' lang='lat' dir='ltr'>condam</span> <span class='ocrx_word' id='word_1_70' title='bbox 695 1327 826 1392; x_wconf 90' lang='lat' dir='ltr'>Judicis</span> <span class='ocrx_word' id='word_1_71' title='bbox 845 1327 1031 1407; x_wconf 87' lang='lat' dir='ltr'>Radonani,</span> <span class='ocrx_word' id='word_1_72' title='bbox 1056 1333 1154 1411; x_wconf 85' lang='lat' dir='ltr'>atque</span> <span class='ocrx_word' id='word_1_73' title='bbox 1169 1326 1328 1392; x_wconf 87' lang='lat' dir='ltr'>nauclerii</span> <span class='ocrx_word' id='word_1_74' title='bbox 1353 1330 1386 1390; x_wconf 87' lang='lat' dir='ltr'>et</span> <span class='ocrx_word' id='word_1_75' title='bbox 1409 1323 1495 1389; x_wconf 82' lang='lat' dir='ltr'>ceteri</span> 
     </span>
     <span class='ocr_line' id='line_1_11' title="bbox 378 1433 1580 1522; baseline 0 -26"><span class='ocrx_word' id='word_1_76' title='bbox 378 1433 454 1498; x_wconf 91' lang='lat' dir='ltr'>boni</span> <span class='ocrx_word' id='word_1_77' title='bbox 471 1435 532 1500; x_wconf 87' lang='lat' dir='ltr'>viri</span> <span class='ocrx_word' id='word_1_78' title='bbox 543 1435 583 1499; x_wconf 87' lang='lat' dir='ltr'>de</span> <span class='ocrx_word' id='word_1_79' title='bbox 595 1435 707 1500; x_wconf 88' lang='lat' dir='ltr'>eodem</span> <span class='ocrx_word' id='word_1_80' title='bbox 719 1433 872 1517; x_wconf 79' lang='lat' dir='ltr'>Consilio,</span> <span class='ocrx_word' id='word_1_81' title='bbox 882 1435 1058 1500; x_wconf 80' lang='lat' dir='ltr'>studiosius</span> <span class='ocrx_word' id='word_1_82' title='bbox 1074 1442 1106 1498; x_wconf 89' lang='lat' dir='ltr'>et</span> <span class='ocrx_word' id='word_1_83' title='bbox 1121 1435 1280 1518; x_wconf 81' lang='lat' dir='ltr'>integrati</span> <span class='ocrx_word' id='word_1_84' title='bbox 1296 1433 1459 1499; x_wconf 85' lang='lat' dir='ltr'>conuocati</span> <span class='ocrx_word' id='word_1_85' title='bbox 1467 1435 1495 1496; x_wconf 90' lang='lat' dir='ltr'>et</span> <span class='ocrx_word' id='word_1_86' title='bbox 1578 1453 1580 1522; x_wconf 65' lang='lat' dir='ltr'>f</span> 
     </span>
     <span class='ocr_line' id='line_1_12' title="bbox 378 1541 1493 1627; baseline -0.002 -22"><span class='ocrx_word' id='word_1_87' title='bbox 378 1541 411 1605; x_wconf 91' lang='lat' dir='ltr'>in</span> <span class='ocrx_word' id='word_1_88' title='bbox 429 1564 526 1606; x_wconf 89' lang='lat' dir='ltr'>unum</span> <span class='ocrx_word' id='word_1_89' title='bbox 556 1543 738 1627; x_wconf 88' lang='lat' dir='ltr'>coniuncti,</span> <span class='ocrx_word' id='word_1_90' title='bbox 753 1544 817 1608; x_wconf 91' lang='lat' dir='ltr'>Dni</span> <span class='ocrx_word' id='word_1_91' title='bbox 835 1543 963 1608; x_wconf 89' lang='lat' dir='ltr'>nomino</span> <span class='ocrx_word' id='word_1_92' title='bbox 980 1544 1130 1608; x_wconf 84' lang='lat' dir='ltr'>inuocato</span> <span class='ocrx_word' id='word_1_93' title='bbox 1148 1565 1206 1626; x_wconf 88' lang='lat' dir='ltr'>per</span> <span class='ocrx_word' id='word_1_94' title='bbox 1223 1561 1258 1608; x_wconf 88' lang='lat' dir='ltr'>se</span> <span class='ocrx_word' id='word_1_95' title='bbox 1275 1547 1308 1606; x_wconf 90' lang='lat' dir='ltr'>et</span> <span class='ocrx_word' id='word_1_96' title='bbox 1324 1545 1493 1606; x_wconf 77' lang='lat' dir='ltr'>uniueisum</span> 
     </span>
     <span class='ocr_line' id='line_1_13' title="bbox 379 1645 1493 1734; baseline 0 -23"><span class='ocrx_word' id='word_1_97' title='bbox 379 1645 555 1713; x_wconf 82' lang='lat' dir='ltr'>Commune</span> <span class='ocrx_word' id='word_1_98' title='bbox 566 1647 696 1732; x_wconf 80' lang='lat' dir='ltr'>Segnis,</span> <span class='ocrx_word' id='word_1_99' title='bbox 708 1673 747 1715; x_wconf 86' lang='lat' dir='ltr'>ac</span> <span class='ocrx_word' id='word_1_100' title='bbox 757 1673 815 1734; x_wconf 84' lang='lat' dir='ltr'>per</span> <span class='ocrx_word' id='word_1_101' title='bbox 826 1672 858 1714; x_wconf 89' lang='lat' dir='ltr'>se</span> <span class='ocrx_word' id='word_1_102' title='bbox 869 1671 1008 1732; x_wconf 87' lang='lat' dir='ltr'>suosque</span> <span class='ocrx_word' id='word_1_103' title='bbox 1024 1651 1160 1714; x_wconf 87' lang='lat' dir='ltr'>heredes</span> <span class='ocrx_word' id='word_1_104' title='bbox 1176 1656 1209 1713; x_wconf 91' lang='lat' dir='ltr'>et</span> <span class='ocrx_word' id='word_1_105' title='bbox 1224 1648 1307 1713; x_wconf 90' lang='lat' dir='ltr'>alias</span> <span class='ocrx_word' id='word_1_106' title='bbox 1324 1648 1493 1732; x_wconf 79' lang='lat' dir='ltr'>singulares</span> 
     </span>
     <span class='ocr_line' id='line_1_14' title="bbox 380 1757 1489 1841; baseline -0.003 -22"><span class='ocrx_word' id='word_1_107' title='bbox 380 1778 538 1840; x_wconf 80' lang='lat' dir='ltr'>personas</span> <span class='ocrx_word' id='word_1_108' title='bbox 564 1764 597 1821; x_wconf 89' lang='lat' dir='ltr'>et</span> <span class='ocrx_word' id='word_1_109' title='bbox 622 1779 679 1841; x_wconf 88' lang='lat' dir='ltr'>per</span> <span class='ocrx_word' id='word_1_110' title='bbox 703 1758 831 1822; x_wconf 85' lang='lat' dir='ltr'>futuros</span> <span class='ocrx_word' id='word_1_111' title='bbox 857 1761 889 1821; x_wconf 89' lang='lat' dir='ltr'>in</span> <span class='ocrx_word' id='word_1_112' title='bbox 914 1763 1110 1841; x_wconf 88' lang='lat' dir='ltr'>perpetuum</span> <span class='ocrx_word' id='word_1_113' title='bbox 1134 1757 1271 1822; x_wconf 85' lang='lat' dir='ltr'>heredes</span> <span class='ocrx_word' id='word_1_114' title='bbox 1297 1760 1330 1820; x_wconf 90' lang='lat' dir='ltr'>et</span> <span class='ocrx_word' id='word_1_115' title='bbox 1355 1762 1489 1838; x_wconf 86' lang='lat' dir='ltr'>posteros</span> 
     </span>
    </p>

    <p class='ocr_par' dir='ltr' id='par_1_3' title="bbox 341 1847 1580 4530">
     <span class='ocr_line' id='line_1_15' title="bbox 378 1847 1580 1947; baseline -0.004 -19"><span class='ocrx_word' id='word_1_116' title='bbox 378 1870 563 1946; x_wconf 76' lang='lat' dir='ltr'>spectantes</span> <span class='ocrx_word' id='word_1_117' title='bbox 592 1870 624 1928; x_wconf 90' lang='lat' dir='ltr'>et</span> <span class='ocrx_word' id='word_1_118' title='bbox 653 1871 856 1947; x_wconf 77' lang='lat' dir='ltr'>spectaturos</span> <span class='ocrx_word' id='word_1_119' title='bbox 876 1865 918 1929; x_wconf 86' lang='lat' dir='ltr'>ad</span> <span class='ocrx_word' id='word_1_120' title='bbox 947 1867 1055 1947; x_wconf 88' lang='lat' dir='ltr'>ipsam</span> <span class='ocrx_word' id='word_1_121' title='bbox 1076 1863 1351 1928; x_wconf 81' lang='lat' dir='ltr'>Communitatem</span> <span class='ocrx_word' id='word_1_122' title='bbox 1377 1860 1491 1944; x_wconf 69' lang='lat' dir='ltr'>Segnia</span> <span class='ocrx_word' id='word_1_123' title='bbox 1578 1847 1580 1854; x_wconf 15' lang='grc' dir='ltr'><em>Α</em></span> 
     </span>
     <span class='ocr_line' id='line_1_16' title="bbox 378 1969 1490 2053; baseline -0.001 -20"><span class='ocrx_word' id='word_1_124' title='bbox 378 1970 522 2036; x_wconf 88' lang='lat' dir='ltr'>consulte</span> <span class='ocrx_word' id='word_1_125' title='bbox 535 1972 615 2053; x_wconf 92' lang='lat' dir='ltr'>quid</span> <span class='ocrx_word' id='word_1_126' title='bbox 625 1973 768 2037; x_wconf 84' lang='lat' dir='ltr'>diserere</span> <span class='ocrx_word' id='word_1_127' title='bbox 779 1972 818 2037; x_wconf 84' lang='lat' dir='ltr'>ac</span> <span class='ocrx_word' id='word_1_128' title='bbox 828 1969 1048 2037; x_wconf 80' lang='lat' dir='ltr'>determinare</span> <span class='ocrx_word' id='word_1_129' title='bbox 1066 1994 1175 2038; x_wconf 90' lang='lat' dir='ltr'>omnes</span> <span class='ocrx_word' id='word_1_130' title='bbox 1191 1972 1360 2036; x_wconf 88' lang='lat' dir='ltr'>unanimes</span> <span class='ocrx_word' id='word_1_131' title='bbox 1376 1970 1490 2034; x_wconf 87' lang='lat' dir='ltr'>nemine</span> 
     </span>
     <span class='ocr_line' id='line_1_17' title="bbox 341 2077 1492 2170; baseline -0.003 -28"><span class='ocrx_word' id='word_1_132' title='bbox 341 2137 343 2142; x_wconf 91' lang='lat'><em>.</em></span> <span class='ocrx_word' id='word_1_133' title='bbox 378 2077 584 2170; x_wconf 87' lang='lat' dir='ltr'>discrepante</span> <span class='ocrx_word' id='word_1_134' title='bbox 596 2081 774 2162; x_wconf 82' lang='lat' dir='ltr'>elegerunt,</span> <span class='ocrx_word' id='word_1_135' title='bbox 784 2081 937 2158; x_wconf 86' lang='lat' dir='ltr'>fecerunt,</span> <span class='ocrx_word' id='word_1_136' title='bbox 954 2081 1190 2145; x_wconf 86' lang='lat' dir='ltr'>constituerunt</span> <span class='ocrx_word' id='word_1_137' title='bbox 1208 2083 1307 2159; x_wconf 85' lang='lat' dir='ltr'>atque</span> <span class='ocrx_word' id='word_1_138' title='bbox 1323 2078 1409 2143; x_wconf 89' lang='lat' dir='ltr'>omni</span> <span class='ocrx_word' id='word_1_139' title='bbox 1424 2077 1492 2140; x_wconf 85' lang='lat' dir='ltr'>iuris</span> 
     </span>
     <span class='ocr_line' id='line_1_18' title="bbox 376 2183 1491 2254; baseline -0.004 -4"><span class='ocrx_word' id='word_1_140' title='bbox 376 2187 491 2250; x_wconf 86' lang='lat' dir='ltr'>ordine</span> <span class='ocrx_word' id='word_1_141' title='bbox 516 2193 549 2251; x_wconf 90' lang='lat' dir='ltr'>et</span> <span class='ocrx_word' id='word_1_142' title='bbox 575 2188 692 2252; x_wconf 89' lang='lat' dir='ltr'>robore</span> <span class='ocrx_word' id='word_1_143' title='bbox 718 2188 951 2254; x_wconf 88' lang='lat' dir='ltr'>confirmarunt</span> <span class='ocrx_word' id='word_1_144' title='bbox 977 2189 1064 2252; x_wconf 85' lang='lat' dir='ltr'>viros</span> <span class='ocrx_word' id='word_1_145' title='bbox 1090 2187 1214 2253; x_wconf 85' lang='lat' dir='ltr'>nobiles</span> <span class='ocrx_word' id='word_1_146' title='bbox 1231 2192 1264 2250; x_wconf 90' lang='lat' dir='ltr'>et</span> <span class='ocrx_word' id='word_1_147' title='bbox 1290 2186 1443 2250; x_wconf 88' lang='lat' dir='ltr'>discretos</span> <span class='ocrx_word' id='word_1_148' title='bbox 1458 2183 1491 2246; x_wconf 91' lang='lat' dir='ltr'>de</span> 
     </span>
     <span class='ocr_line' id='line_1_19' title="bbox 377 2290 1490 2378; baseline -0.002 -23"><span class='ocrx_word' id='word_1_149' title='bbox 377 2292 490 2357; x_wconf 88' lang='lat' dir='ltr'>eodem</span> <span class='ocrx_word' id='word_1_150' title='bbox 516 2292 674 2378; x_wconf 81' lang='lat' dir='ltr'>Consilio,</span> <span class='ocrx_word' id='word_1_151' title='bbox 699 2295 850 2360; x_wconf 86' lang='lat' dir='ltr'>videlieet</span> <span class='ocrx_word' id='word_1_152' title='bbox 867 2295 1031 2359; x_wconf 88' lang='lat' dir='ltr'>dominum</span> <span class='ocrx_word' id='word_1_153' title='bbox 1049 2293 1249 2377; x_wconf 82' lang='lat' dir='ltr'>Phylippnm</span> <span class='ocrx_word' id='word_1_154' title='bbox 1266 2292 1401 2357; x_wconf 89' lang='lat' dir='ltr'>condam</span> <span class='ocrx_word' id='word_1_155' title='bbox 1417 2290 1490 2356; x_wconf 84' lang='lat' dir='ltr'>Rad.</span> 
     </span>
     <span class='ocr_line' id='line_1_20' title="bbox 374 2399 1488 2484; baseline -0.001 -21"><span class='ocrx_word' id='word_1_156' title='bbox 374 2399 453 2464; x_wconf 91' lang='lat' dir='ltr'>olim</span> <span class='ocrx_word' id='word_1_157' title='bbox 463 2400 695 2468; x_wconf 87' lang='lat' dir='ltr'>Vicncomitem</span> <span class='ocrx_word' id='word_1_158' title='bbox 707 2401 835 2484; x_wconf 82' lang='lat' dir='ltr'>Segnia,</span> <span class='ocrx_word' id='word_1_159' title='bbox 854 2408 953 2484; x_wconf 89' lang='lat' dir='ltr'>atque</span> <span class='ocrx_word' id='word_1_160' title='bbox 969 2402 1134 2468; x_wconf 89' lang='lat' dir='ltr'>domiuum</span> <span class='ocrx_word' id='word_1_161' title='bbox 1149 2401 1348 2484; x_wconf 85' lang='lat' dir='ltr'>Dessignam</span> <span class='ocrx_word' id='word_1_162' title='bbox 1364 2399 1488 2465; x_wconf 90' lang='lat' dir='ltr'>condam</span> 
     </span>
     <span class='ocr_line' id='line_1_21' title="bbox 377 2505 1491 2591; baseline -0.004 -19"><span class='ocrx_word' id='word_1_163' title='bbox 377 2505 496 2572; x_wconf 85' lang='lat' dir='ltr'>Nicola</span> <span class='ocrx_word' id='word_1_164' title='bbox 532 2509 643 2591; x_wconf 86' lang='lat' dir='ltr'>filium,</span> <span class='ocrx_word' id='word_1_165' title='bbox 668 2511 732 2575; x_wconf 87' lang='lat' dir='ltr'>iam</span> <span class='ocrx_word' id='word_1_166' title='bbox 759 2512 909 2576; x_wconf 89' lang='lat' dir='ltr'>similiter</span> <span class='ocrx_word' id='word_1_167' title='bbox 931 2510 1164 2580; x_wconf 80' lang='lat' dir='ltr'>Vicecomiteur</span> <span class='ocrx_word' id='word_1_168' title='bbox 1180 2509 1325 2574; x_wconf 84' lang='lat' dir='ltr'>eiusdem</span> <span class='ocrx_word' id='word_1_169' title='bbox 1342 2506 1491 2583; x_wconf 79' lang='lat' dir='ltr'>ciuitatis,</span> 
     </span>
     <span class='ocr_line' id='line_1_22' title="bbox 378 2614 1490 2700; baseline -0.002 -22"><span class='ocrx_word' id='word_1_170' title='bbox 378 2635 452 2679; x_wconf 87' lang='lat' dir='ltr'>snos</span> <span class='ocrx_word' id='word_1_171' title='bbox 462 2621 699 2698; x_wconf 75' lang='lat' dir='ltr'>procuratores²</span> <span class='ocrx_word' id='word_1_172' title='bbox 709 2623 844 2698; x_wconf 70' lang='lat' dir='ltr'>actor-ea,</span> <span class='ocrx_word' id='word_1_173' title='bbox 854 2619 989 2682; x_wconf 84' lang='lat' dir='ltr'>nuncios</span> <span class='ocrx_word' id='word_1_174' title='bbox 1006 2617 1163 2700; x_wconf 86' lang='lat' dir='ltr'>speciales</span> <span class='ocrx_word' id='word_1_175' title='bbox 1180 2625 1213 2682; x_wconf 88' lang='lat' dir='ltr'>ot</span> <span class='ocrx_word' id='word_1_176' title='bbox 1228 2617 1376 2695; x_wconf 88' lang='lat' dir='ltr'>sindicos‚</span> <span class='ocrx_word' id='word_1_177' title='bbox 1391 2614 1490 2680; x_wconf 86' lang='lat' dir='ltr'>ambos</span> 
     </span>
     <span class='ocr_line' id='line_1_23' title="bbox 377 2718 1491 2807; baseline -0.001 -23"><span class='ocrx_word' id='word_1_178' title='bbox 377 2720 507 2802; x_wconf 89' lang='lat' dir='ltr'>quidem</span> <span class='ocrx_word' id='word_1_179' title='bbox 532 2723 662 2788; x_wconf 91' lang='lat' dir='ltr'>insimul</span> <span class='ocrx_word' id='word_1_180' title='bbox 674 2731 706 2789; x_wconf 88' lang='lat' dir='ltr'>ot</span> <span class='ocrx_word' id='word_1_181' title='bbox 722 2725 900 2807; x_wconf 83' lang='lat' dir='ltr'>quemlibet</span> <span class='ocrx_word' id='word_1_182' title='bbox 926 2744 1037 2788; x_wconf 89' lang='lat' dir='ltr'>eorum</span> <span class='ocrx_word' id='word_1_183' title='bbox 1060 2744 1119 2806; x_wconf 90' lang='lat' dir='ltr'>per</span> <span class='ocrx_word' id='word_1_184' title='bbox 1137 2745 1170 2787; x_wconf 86' lang='lat' dir='ltr'>se</span> <span class='ocrx_word' id='word_1_185' title='bbox 1180 2729 1213 2788; x_wconf 84' lang='lat' dir='ltr'>et</span> <span class='ocrx_word' id='word_1_186' title='bbox 1237 2723 1271 2788; x_wconf 93' lang='lat' dir='ltr'>in</span> <span class='ocrx_word' id='word_1_187' title='bbox 1297 2722 1441 2803; x_wconf 89' lang='lat' dir='ltr'>solidum,</span> <span class='ocrx_word' id='word_1_188' title='bbox 1455 2718 1491 2784; x_wconf 88' lang='lat' dir='ltr'>ad</span> 
     </span>
     <span class='ocr_line' id='line_1_24' title="bbox 376 2826 1490 2914; baseline -0.001 -23"><span class='ocrx_word' id='word_1_189' title='bbox 376 2829 572 2912; x_wconf 87' lang='lat' dir='ltr'>petendum,</span> <span class='ocrx_word' id='word_1_190' title='bbox 596 2832 837 2914; x_wconf 87' lang='lat' dir='ltr'>requirendum,</span> <span class='ocrx_word' id='word_1_191' title='bbox 852 2831 1080 2897; x_wconf 88' lang='lat' dir='ltr'>inueninndnm</span> <span class='ocrx_word' id='word_1_192' title='bbox 1096 2837 1192 2914; x_wconf 87' lang='lat' dir='ltr'>etque</span> <span class='ocrx_word' id='word_1_193' title='bbox 1207 2829 1425 2913; x_wconf 88' lang='lat' dir='ltr'>recipiendum</span> <span class='ocrx_word' id='word_1_194' title='bbox 1433 2826 1490 2892; x_wconf 79' lang='lat' dir='ltr'>vice</span> 
     </span>
     <span class='ocr_line' id='line_1_25' title="bbox 378 2935 1490 3022; baseline -0.004 -22"><span class='ocrx_word' id='word_1_195' title='bbox 378 2936 548 3002; x_wconf 87' lang='lat' dir='ltr'>etnnmine</span> <span class='ocrx_word' id='word_1_196' title='bbox 559 2936 746 3022; x_wconf 83' lang='lat' dir='ltr'>Segniensis</span> <span class='ocrx_word' id='word_1_197' title='bbox 767 2939 911 3020; x_wconf 69' lang='lat' dir='ltr'>Consilii=</span> <span class='ocrx_word' id='word_1_198' title='bbox 924 2945 956 3004; x_wconf 87' lang='lat' dir='ltr'>et</span> <span class='ocrx_word' id='word_1_199' title='bbox 973 2940 1077 3004; x_wconf 85' lang='lat' dir='ltr'>tocius</span> <span class='ocrx_word' id='word_1_200' title='bbox 1094 2937 1285 3003; x_wconf 79' lang='lat' dir='ltr'>Communis</span> <span class='ocrx_word' id='word_1_201' title='bbox 1302 2945 1336 3003; x_wconf 91' lang='lat' dir='ltr'>et</span> <span class='ocrx_word' id='word_1_202' title='bbox 1351 2935 1490 3002; x_wconf 69' lang='lat' dir='ltr'>(imitatis</span> 
     </span>
     <span class='ocr_line' id='line_1_26' title="bbox 376 3035 1489 3127; baseline -0.003 -19"><span class='ocrx_word' id='word_1_203' title='bbox 376 3041 495 3126; x_wconf 78' lang='lat' dir='ltr'>Segnia</span> <span class='ocrx_word' id='word_1_204' title='bbox 517 3035 688 3127; x_wconf 86' lang='lat' dir='ltr'>pecuniam</span> <span class='ocrx_word' id='word_1_205' title='bbox 715 3051 826 3110; x_wconf 91' lang='lat' dir='ltr'>mutuo</span> <span class='ocrx_word' id='word_1_206' title='bbox 851 3045 902 3109; x_wconf 84' lang='lat' dir='ltr'>vel</span> <span class='ocrx_word' id='word_1_207' title='bbox 927 3045 959 3109; x_wconf 89' lang='lat' dir='ltr'>in</span> <span class='ocrx_word' id='word_1_208' title='bbox 986 3045 1191 3109; x_wconf 88' lang='lat' dir='ltr'>concessione</span> <span class='ocrx_word' id='word_1_209' title='bbox 1216 3065 1273 3108; x_wconf 90' lang='lat' dir='ltr'>sen</span> <span class='ocrx_word' id='word_1_210' title='bbox 1300 3061 1489 3126; x_wconf 88' lang='lat' dir='ltr'>quocumque</span> 
     </span>
     <span class='ocr_line' id='line_1_27' title="bbox 375 3146 1490 3235; baseline -0.005 -20"><span class='ocrx_word' id='word_1_211' title='bbox 375 3148 440 3215; x_wconf 84' lang='lat' dir='ltr'>alio</span> <span class='ocrx_word' id='word_1_212' title='bbox 458 3149 554 3215; x_wconf 87' lang='lat' dir='ltr'>titulo</span> <span class='ocrx_word' id='word_1_213' title='bbox 572 3157 604 3215; x_wconf 88' lang='lat' dir='ltr'>et</span> <span class='ocrx_word' id='word_1_214' title='bbox 619 3153 715 3216; x_wconf 91' lang='lat' dir='ltr'>modo</span> <span class='ocrx_word' id='word_1_215' title='bbox 726 3153 841 3217; x_wconf 87' lang='lat' dir='ltr'>melius</span> <span class='ocrx_word' id='word_1_216' title='bbox 852 3160 884 3218; x_wconf 90' lang='lat' dir='ltr'>et</span> <span class='ocrx_word' id='word_1_217' title='bbox 902 3153 1103 3218; x_wconf 89' lang='lat' dir='ltr'>commodius</span> <span class='ocrx_word' id='word_1_218' title='bbox 1118 3149 1432 3235; x_wconf 85' lang='lat' dir='ltr'>pote1·unt,Veneeiis</span> <span class='ocrx_word' id='word_1_219' title='bbox 1447 3146 1490 3212; x_wconf 81' lang='lat' dir='ltr'>uel</span> 
     </span>
     <span class='ocr_line' id='line_1_28' title="bbox 375 3252 1489 3343; baseline -0.007 -17"><span class='ocrx_word' id='word_1_220' title='bbox 375 3256 464 3338; x_wconf 83' lang='lat' dir='ltr'>alibi,</span> <span class='ocrx_word' id='word_1_221' title='bbox 474 3257 515 3322; x_wconf 88' lang='lat' dir='ltr'>ab</span> <span class='ocrx_word' id='word_1_222' title='bbox 532 3279 597 3322; x_wconf 88' lang='lat' dir='ltr'>nna</span> <span class='ocrx_word' id='word_1_223' title='bbox 613 3281 751 3342; x_wconf 85' lang='lat' dir='ltr'>persona</span> <span class='ocrx_word' id='word_1_224' title='bbox 767 3266 799 3324; x_wconf 89' lang='lat' dir='ltr'>et</span> <span class='ocrx_word' id='word_1_225' title='bbox 815 3280 835 3324; x_wconf 89' lang='lat' dir='ltr'>a</span> <span class='ocrx_word' id='word_1_226' title='bbox 851 3260 1010 3343; x_wconf 87' lang='lat' dir='ltr'>pluribus,</span> <span class='ocrx_word' id='word_1_227' title='bbox 1026 3261 1124 3325; x_wconf 87' lang='lat' dir='ltr'>semel</span> <span class='ocrx_word' id='word_1_228' title='bbox 1141 3266 1174 3324; x_wconf 88' lang='lat' dir='ltr'>et</span> <span class='ocrx_word' id='word_1_229' title='bbox 1189 3260 1325 3342; x_wconf 65' lang='lat' dir='ltr'>pluries</span> <span class='ocrx_word' id='word_1_230' title='bbox 1341 3252 1489 3340; x_wconf 88' lang='lat' dir='ltr'>usquead</span> 
     </span>
     <span class='ocr_line' id='line_1_29' title="bbox 375 3365 1488 3445; baseline -0.003 -18"><span class='ocrx_word' id='word_1_231' title='bbox 375 3365 595 3445; x_wconf 85' lang='lat' dir='ltr'>quantitatem</span> <span class='ocrx_word' id='word_1_232' title='bbox 630 3388 686 3432; x_wconf 86' lang='lat' dir='ltr'>sex</span> <span class='ocrx_word' id='word_1_233' title='bbox 712 3367 851 3432; x_wconf 88' lang='lat' dir='ltr'>millium</span> <span class='ocrx_word' id='word_1_234' title='bbox 877 3369 1036 3434; x_wconf 85' lang='lat' dir='ltr'>librarum</span> <span class='ocrx_word' id='word_1_235' title='bbox 1063 3367 1274 3432; x_wconf 89' lang='lat' dir='ltr'>denariorum</span> <span class='ocrx_word' id='word_1_236' title='bbox 1300 3365 1488 3433; x_wconf 87' lang='lat' dir='ltr'>Venetorum</span> 
     </span>
     <span class='ocr_line' id='line_1_30' title="bbox 376 3471 1489 3559; baseline -0.003 -24"><span class='ocrx_word' id='word_1_237' title='bbox 376 3471 605 3553; x_wconf 66' lang='lat' dir='ltr'>paruulorum</span> <span class='ocrx_word' id='word_1_238' title='bbox 632 3479 665 3538; x_wconf 90' lang='lat' dir='ltr'>et</span> <span class='ocrx_word' id='word_1_239' title='bbox 684 3474 727 3539; x_wconf 89' lang='lat' dir='ltr'>ad</span> <span class='ocrx_word' id='word_1_240' title='bbox 746 3475 954 3559; x_wconf 86' lang='lat' dir='ltr'>obligandum</span> <span class='ocrx_word' id='word_1_241' title='bbox 965 3477 1021 3539; x_wconf 93' lang='lat' dir='ltr'>nni</span> <span class='ocrx_word' id='word_1_242' title='bbox 1047 3481 1079 3539; x_wconf 90' lang='lat' dir='ltr'>et</span> <span class='ocrx_word' id='word_1_243' title='bbox 1104 3473 1214 3538; x_wconf 89' lang='lat' dir='ltr'>multis</span> <span class='ocrx_word' id='word_1_244' title='bbox 1230 3477 1368 3556; x_wconf 86' lang='lat' dir='ltr'>propter</span> <span class='ocrx_word' id='word_1_245' title='bbox 1382 3471 1489 3537; x_wconf 86' lang='lat' dir='ltr'>dictam</span> 
     </span>
     <span class='ocr_line' id='line_1_31' title="bbox 374 3577 1489 3666; baseline -0.002 -23"><span class='ocrx_word' id='word_1_246' title='bbox 374 3581 552 3661; x_wconf 87' lang='lat' dir='ltr'>pecuniam,</span> <span class='ocrx_word' id='word_1_247' title='bbox 562 3581 631 3646; x_wconf 88' lang='lat' dir='ltr'>siue</span> <span class='ocrx_word' id='word_1_248' title='bbox 642 3589 768 3664; x_wconf 86' lang='lat' dir='ltr'>partem</span> <span class='ocrx_word' id='word_1_249' title='bbox 779 3582 891 3666; x_wconf 80' lang='lat' dir='ltr'>ipsine,</span> <span class='ocrx_word' id='word_1_250' title='bbox 902 3583 1105 3648; x_wconf 86' lang='lat' dir='ltr'>onmiabona</span> <span class='ocrx_word' id='word_1_251' title='bbox 1115 3581 1250 3647; x_wconf 87' lang='lat' dir='ltr'>mobilia</span> <span class='ocrx_word' id='word_1_252' title='bbox 1266 3587 1299 3646; x_wconf 89' lang='lat' dir='ltr'>et</span> <span class='ocrx_word' id='word_1_253' title='bbox 1314 3577 1489 3654; x_wconf 78' lang='lat' dir='ltr'>immobilia,</span> 
     </span>
     <span class='ocr_line' id='line_1_32' title="bbox 372 3685 1488 3774; baseline -0.003 -24"><span class='ocrx_word' id='word_1_254' title='bbox 372 3689 539 3770; x_wconf 86' lang='lat' dir='ltr'>presentia</span> <span class='ocrx_word' id='word_1_255' title='bbox 558 3693 592 3752; x_wconf 92' lang='lat' dir='ltr'>et</span> <span class='ocrx_word' id='word_1_256' title='bbox 609 3687 729 3770; x_wconf 85' lang='lat' dir='ltr'>futura,</span> <span class='ocrx_word' id='word_1_257' title='bbox 747 3709 811 3770; x_wconf 90' lang='lat' dir='ltr'>qne</span> <span class='ocrx_word' id='word_1_258' title='bbox 826 3696 901 3755; x_wconf 88' lang='lat' dir='ltr'>sunt</span> <span class='ocrx_word' id='word_1_259' title='bbox 916 3691 1018 3774; x_wconf 90' lang='lat' dir='ltr'>ipsius</span> <span class='ocrx_word' id='word_1_260' title='bbox 1034 3690 1189 3756; x_wconf 83' lang='lat' dir='ltr'>Ciuitatis</span> <span class='ocrx_word' id='word_1_261' title='bbox 1215 3693 1249 3755; x_wconf 87' lang='lat' dir='ltr'>et</span> <span class='ocrx_word' id='word_1_262' title='bbox 1264 3685 1488 3759; x_wconf 86' lang='lat' dir='ltr'>Vniuersitntis</span> 
     </span>
     <span class='ocr_line' id='line_1_33' title="bbox 371 3790 1486 3881; baseline -0.005 -21"><span class='ocrx_word' id='word_1_263' title='bbox 371 3816 411 3860; x_wconf 89' lang='lat' dir='ltr'>ac</span> <span class='ocrx_word' id='word_1_264' title='bbox 421 3793 609 3860; x_wconf 83' lang='lat' dir='ltr'>Communis</span> <span class='ocrx_word' id='word_1_265' title='bbox 620 3793 748 3879; x_wconf 79' lang='lat' dir='ltr'>Segnia,</span> <span class='ocrx_word' id='word_1_266' title='bbox 757 3798 808 3862; x_wconf 86' lang='lat' dir='ltr'>vel</span> <span class='ocrx_word' id='word_1_267' title='bbox 824 3820 894 3862; x_wconf 90' lang='lat' dir='ltr'>esso</span> <span class='ocrx_word' id='word_1_268' title='bbox 912 3797 1134 3881; x_wconf 90' lang='lat' dir='ltr'>aliquomodo</span> <span class='ocrx_word' id='word_1_269' title='bbox 1152 3803 1293 3880; x_wconf 88' lang='lat' dir='ltr'>possent,</span> <span class='ocrx_word' id='word_1_270' title='bbox 1311 3817 1381 3861; x_wconf 88' lang='lat' dir='ltr'>cum</span> <span class='ocrx_word' id='word_1_271' title='bbox 1398 3790 1486 3859; x_wconf 87' lang='lat' dir='ltr'>cartis</span> 
     </span>
     <span class='ocr_line' id='line_1_34' title="bbox 371 3903 1486 3988; baseline -0.004 -20"><span class='ocrx_word' id='word_1_272' title='bbox 371 3908 403 3968; x_wconf 87' lang='lat' dir='ltr'>et</span> <span class='ocrx_word' id='word_1_273' title='bbox 430 3904 653 3970; x_wconf 77' lang='lat' dir='ltr'>instrumentis</span> <span class='ocrx_word' id='word_1_274' title='bbox 682 3912 715 3969; x_wconf 90' lang='lat' dir='ltr'>et</span> <span class='ocrx_word' id='word_1_275' title='bbox 744 3905 892 3970; x_wconf 90' lang='lat' dir='ltr'>omnibns</span> <span class='ocrx_word' id='word_1_276' title='bbox 921 3907 1162 3988; x_wconf 88' lang='lat' dir='ltr'>securitatibus,</span> <span class='ocrx_word' id='word_1_277' title='bbox 1191 3905 1234 3970; x_wconf 89' lang='lat' dir='ltr'>ad</span> <span class='ocrx_word' id='word_1_278' title='bbox 1265 3904 1435 3971; x_wconf 85' lang='lat' dir='ltr'>terminum</span> <span class='ocrx_word' id='word_1_279' title='bbox 1460 3903 1486 3964; x_wconf 87' lang='lat' dir='ltr'>st</span> 
     </span>
     <span class='ocr_line' id='line_1_35' title="bbox 371 4012 1484 4095; baseline -0.003 -21"><span class='ocrx_word' id='word_1_280' title='bbox 371 4013 536 4090; x_wconf 70' lang='lat' dir='ltr'>terminos</span> <span class='ocrx_word' id='word_1_281' title='bbox 562 4012 690 4076; x_wconf 89' lang='lat' dir='ltr'>adiecta</span> <span class='ocrx_word' id='word_1_282' title='bbox 713 4033 797 4095; x_wconf 88' lang='lat' dir='ltr'>pena</span> <span class='ocrx_word' id='word_1_283' title='bbox 822 4017 855 4076; x_wconf 88' lang='lat' dir='ltr'>et</span> <span class='ocrx_word' id='word_1_284' title='bbox 880 4013 982 4095; x_wconf 86' lang='lat' dir='ltr'>ponis,</span> <span class='ocrx_word' id='word_1_285' title='bbox 1007 4034 1046 4077; x_wconf 89' lang='lat' dir='ltr'>ac</span> <span class='ocrx_word' id='word_1_286' title='bbox 1072 4012 1221 4077; x_wconf 89' lang='lat' dir='ltr'>similiter</span> <span class='ocrx_word' id='word_1_287' title='bbox 1237 4013 1263 4076; x_wconf 89' lang='lat' dir='ltr'>si</span> <span class='ocrx_word' id='word_1_288' title='bbox 1280 4017 1484 4095; x_wconf 89' lang='lat' dir='ltr'>opportunum</span> 
     </span>
     <span class='ocr_line' id='line_1_36' title="bbox 373 4114 1485 4202; baseline -0.004 -22"><span class='ocrx_word' id='word_1_289' title='bbox 373 4118 437 4181; x_wconf 88' lang='lat' dir='ltr'>erit</span> <span class='ocrx_word' id='word_1_290' title='bbox 461 4115 502 4180; x_wconf 86' lang='lat' dir='ltr'>ad</span> <span class='ocrx_word' id='word_1_291' title='bbox 529 4117 738 4197; x_wconf 84' lang='lat' dir='ltr'>vendendum,</span> <span class='ocrx_word' id='word_1_292' title='bbox 764 4117 908 4183; x_wconf 91' lang='lat' dir='ltr'>dandum</span> <span class='ocrx_word' id='word_1_293' title='bbox 935 4124 968 4183; x_wconf 88' lang='lat' dir='ltr'>et</span> <span class='ocrx_word' id='word_1_294' title='bbox 983 4119 1202 4202; x_wconf 84' lang='lat' dir='ltr'>alienandum,</span> <span class='ocrx_word' id='word_1_295' title='bbox 1218 4118 1363 4184; x_wconf 86' lang='lat' dir='ltr'>dandum</span> <span class='ocrx_word' id='word_1_296' title='bbox 1378 4123 1409 4183; x_wconf 90' lang='lat' dir='ltr'>et</span> <span class='ocrx_word' id='word_1_297' title='bbox 1424 4114 1485 4180; x_wconf 91' lang='lat' dir='ltr'>elie-</span> 
     </span>
     <span class='ocr_line' id='line_1_37' title="bbox 374 4224 1485 4313; baseline -0.001 -27"><span class='ocrx_word' id='word_1_298' title='bbox 374 4224 525 4304; x_wconf 90' lang='lat' dir='ltr'>nandnm,</span> <span class='ocrx_word' id='word_1_299' title='bbox 545 4231 682 4309; x_wconf 89' lang='lat' dir='ltr'>propter</span> <span class='ocrx_word' id='word_1_300' title='bbox 701 4225 821 4291; x_wconf 88' lang='lat' dir='ltr'>dictam</span> <span class='ocrx_word' id='word_1_301' title='bbox 840 4227 1009 4310; x_wconf 86' lang='lat' dir='ltr'>pecuniam</span> <span class='ocrx_word' id='word_1_302' title='bbox 1025 4228 1074 4292; x_wconf 87' lang='lat' dir='ltr'>vei</span> <span class='ocrx_word' id='word_1_303' title='bbox 1091 4234 1222 4313; x_wconf 88' lang='lat' dir='ltr'>partem</span> <span class='ocrx_word' id='word_1_304' title='bbox 1247 4227 1347 4311; x_wconf 84' lang='lat' dir='ltr'>ipsius</span> <span class='ocrx_word' id='word_1_305' title='bbox 1363 4225 1403 4292; x_wconf 91' lang='lat' dir='ltr'>ad</span> <span class='ocrx_word' id='word_1_306' title='bbox 1418 4230 1485 4289; x_wconf 88' lang='lat' dir='ltr'>tem·</span> 
     </span>
     <span class='ocr_line' id='line_1_38' title="bbox 374 4327 1485 4419; baseline 0 -24"><span class='ocrx_word' id='word_1_307' title='bbox 374 4351 436 4414; x_wconf 88' lang='lat' dir='ltr'>pus</span> <span class='ocrx_word' id='word_1_308' title='bbox 462 4339 495 4396; x_wconf 88' lang='lat' dir='ltr'>et</span> <span class='ocrx_word' id='word_1_309' title='bbox 521 4338 677 4416; x_wconf 80' lang='lat' dir='ltr'>tempora,</span> <span class='ocrx_word' id='word_1_310' title='bbox 702 4335 890 4418; x_wconf 88' lang='lat' dir='ltr'>cuicumque</span> <span class='ocrx_word' id='word_1_311' title='bbox 908 4336 1079 4419; x_wconf 71' lang='lat' dir='ltr'>voluerint,</span> <span class='ocrx_word' id='word_1_312' title='bbox 1095 4357 1205 4404; x_wconf 86' lang='lat' dir='ltr'>omnes</span> <span class='ocrx_word' id='word_1_313' title='bbox 1221 4340 1254 4400; x_wconf 86' lang='lat' dir='ltr'>et</span> <span class='ocrx_word' id='word_1_314' title='bbox 1271 4336 1412 4419; x_wconf 81' lang='lat' dir='ltr'>singulos</span> <span class='ocrx_word' id='word_1_315' title='bbox 1425 4327 1485 4398; x_wconf 89' lang='lat' dir='ltr'>red·</span> 
     </span>
     <span class='ocr_line' id='line_1_39' title="bbox 375 4435 1486 4530; baseline 0.003 -30"><span class='ocrx_word' id='word_1_316' title='bbox 375 4435 471 4520; x_wconf 85' lang='lat' dir='ltr'>ditus,</span> <span class='ocrx_word' id='word_1_317' title='bbox 495 4448 682 4528; x_wconf 78' lang='lat' dir='ltr'>proventus,</span> <span class='ocrx_word' id='word_1_318' title='bbox 707 4447 853 4509; x_wconf 86' lang='lat' dir='ltr'>mercata</span> <span class='ocrx_word' id='word_1_319' title='bbox 878 4450 912 4509; x_wconf 91' lang='lat' dir='ltr'>et</span> <span class='ocrx_word' id='word_1_320' title='bbox 926 4443 1017 4510; x_wconf 87' lang='lat' dir='ltr'>datia</span> <span class='ocrx_word' id='word_1_321' title='bbox 1045 4445 1233 4530; x_wconf 85' lang='lat' dir='ltr'>spectancia</span> <span class='ocrx_word' id='word_1_322' title='bbox 1252 4451 1286 4510; x_wconf 86' lang='lat' dir='ltr'>et</span> <span class='ocrx_word' id='word_1_323' title='bbox 1307 4445 1486 4530; x_wconf 79' lang='lat' dir='ltr'>spectatura,</span> 
     </span>
    </p>
   </div>
   <div class='ocr_carea' id='block_1_3' title="bbox 0 0 1590 5234">
    <p class='ocr_par' dir='ltr' id='par_1_4' title="bbox 0 0 1590 5234">
     <span class='ocr_line' id='line_1_40' title="bbox 0 0 1590 5234; baseline 0 1"><span class='ocrx_word' id='word_1_324' title='bbox 0 0 1590 5234; x_wconf 95' lang='lat' dir='ltr'> </span> 
     </span>
    </p>
   </div>
  </div>
 </body>
</html>
