3174 5236
621 261 715 332 1292.
1176 260 1229 328 or

106 431 311 507 domilienius
327 443 360 504 et
374 439 548 505 familiaris
564 446 687 520 noster,
712 440 746 504 in
778 439 962 522 Vngeriom
994 439 1034 503 dc
1067 439 1223 504 mundato

108 551 211 612 nostro
228 566 291 630 pro
308 547 471 611 commisis
489 546 551 612 sibi
576 546 676 610 seruit
679 547 721 628 ijs
752 551 957 612 reuertatur.
990 545 1137 610 districto
1170 545 1229 612 tibi

108 652 305 754 precipimus,
321 659 491 736 quatenus,
507 675 535 716 sr
526 653 675 734 aliquid
691 674 752 718 vex
784 651 828 718 ibi
859 660 1010 736 puratum
1041 655 1161 733 existit,
1194 654 1227 717 in

107 779 162 843 qno
177 758 387 826 transfretari
414 739 547 824 comode¹
571 759 701 838 uolent,
727 758 808 823 de
799 760 900 842 ipsius
925 761 1066 824 transitu
1098 781 1158 842 pro
1185 780 1228 840 sc,

107 865 222 931 familia
238 873 272 933 et
287 867 484 950 equitaturis
501 866 567 930 suis
585 867 699 931 statim
714 867 791 930 visis
807 868 1020 949 presentibus,
1037 868 1095 932 sub
1108 888 1227 950 expen-

107 975 143 1038 sis
158 982 271 1041 nostre
288 975 389 1042 Curio
404 997 464 1060 por
480 983 513 1040 tc
529 973 695 1054 faciendis,
720 975 852 1039 studeas
878 975 1058 1058 prouidere.
1085 974 1121 1040 Si
1150 995 1228 1040 uero

108 1101 161 1146 rex
176 1082 222 1147 ibi
239 1081 283 1146 ad
298 1101 434 1166 presens
451 1082 578 1164 aliquid
594 1089 746 1164 paratum
762 1104 826 1145 non
843 1090 902 1162 ost,
919 1083 959 1146 de
976 1083 1041 1146 alio
1059 1103 1134 1148 vase
1152 1105 1226 1147 con·

109 1189 243 1273 uenientj
256 1190 468 1280 adlexpeusns
484 1191 586 1272 ipsius
598 1187 699 1254 Gurie
710 1187 917 1254 conducendo
933 1211 991 1273 per
1007 1197 1039 1253 te
1049 1190 1111 1256 sibi
1121 1189 1230 1273 proui-

107 1293 176 1360 dens
193 1297 264 1361 siue
281 1318 382 1361 mora.
399 1296 524 1362 Datum
541 1295 681 1380 Neapolj
709 1297 763 1361 die
796 1296 979 1363 ΧΧἮΠο
1011 1283 1155 1378 Augusti
1186 1295 1227 1364 V.

108 1403 298 1484 indictionis,
315 1404 423 1488 Regni
438 1407 543 1470 nostri
560 1425 645 1470 enno
661 1405 776 1487 primo.

203 1585 241 1646 (A
254 1583 340 1648 ›Reg.
355 1583 504 1648 Angioini«
520 1585 548 1636 Ο.
567 1589 605 1636 15.
620 1600 656 1637 sz.
668 1585 733 1648 Reg.
761 1586 859 1634 Koroli
882 1585 976 1634 Lkot.
1002 1589 1058 1636 115.
1074 1587 1109 1648 1.;
1137 1599 1165 1634 u.
1191 1584 1227 1645 0.)

583 1779 743 1790 ——--.---

514 2025 522 2035 ⁶
634 2035 705 2096 119.

106 2205 145 2269 H.
164 2209 194 2270 K
192 2209 275 2274 dre
264 2231 285 2295 y
303 2209 431 2274 sicilici
447 2209 627 2298 kirdlyuok
636 2212 687 2296 fin
705 2211 837 2276 Martell
856 2211 980 2296 Ko'rolp
1005 2213 1224 2298 addssdyaira

390 2319 564 2385 vonatkozd
581 2319 812 2406 opilatkozutn.
782 2321 933 2383 a.l202

207 2492 375 2578 Scriptum
391 2502 439 2561 est
455 2496 622 2581 Episcopo
648 2494 904 2580 Oupudequeusi
930 2503 989 2560 cto.
1015 2499 1049 2560 e
1034 2494 1225 2561 tGuidouo

106 2599 143 2666 dc
157 2599 358 2669 Alamannia
375 2611 435 2670 etc.
452 2603 557 2689 Super
573 2606 816 2670 restitutionem
825 2606 961 2688 pecunie
972 2609 1104 2688 recepte
1112 2610 1225 2669 mutuo

104 2722 159 2791 per
175 2707 366 2776 Ysebellem
391 2711 553 2795 Reginam
579 2711 724 2796 Vngarie
750 2735 896 2778 sororem
922 2719 1070 2778 nostrum
1095 2712 1226 2778 karissi-

108 2835 189 2882 mam
205 2839 225 2884 a
239 2819 369 2884 Franco
386 2820 445 2884 sub
462 2825 552 2886 certa
577 2821 689 2904 sornra,
714 2821 839 2886 Kerolo
865 2823 1081 2904 primogenito
1113 2828 1225 2885 nostro

109 2925 275 2991 scribimus
291 2934 401 2992 votum
417 2933 564 3000 nostrum
581 2930 643 2995 stb.
662 2929 829 3014 Quidquid
844 2928 1008 3012 prefectus
1033 2932 1105 2996 Rex
1115 2931 1227 3010 Vngu-

107 3031 151 3095 rie
168 3033 255 3098 circu
272 3035 512 3100 restitutionem
530 3036 714 3102 huiusmodi
732 3037 835 3102 debiti
851 3058 950 3119 super
966 3040 1080 3122 quouis
1099 3039 1226 3105 sabella

108 3139 153 3202 rol
166 3139 293 3224 juribus
311 3142 389 3206 dicti
405 3141 513 3227 Regni
530 3147 693 3226 statuerit,
710 3144 904 3209 obsoruetur
928 3152 961 3209 et
977 3146 1144 3211 obseruari
1176 3154 1224 3212 te-

106 3252 216 3312 nentur
232 3250 294 3314 stb.
310 3249 435 3315 Datum
451 3250 561 3333 Aquis
577 3252 629 3317 die
647 3251 790 3318 XXIX.
807 3249 949 3336 Augusti
973 3251 1013 3320 V.
1029 3254 1227 3320 indictionis.

207 3426 506 3495 (A»Reg.Angioini«
522 3432 550 3482 0.
567 3435 740 3498 59.sz.Reg.
763 3431 863 3488 Kuroli
875 3433 898 3485 1.
913 3433 970 3484 not
996 3438 1054 3483 264.
1083 3437 1119 3498 1.;
1145 3451 1171 3485 u.
1187 3434 1226 3499 o.)

850 3855 855 3903 i

111 4007 228 4090 Mittor
242 4021 322 4113 apdt
338 4027 429 4094 orodi
440 4029 574 4114 prepete
603 4022 719 4094 Murio
745 4026 873 4092 sicilici
906 4021 1062 4112 leirdlyno'
1092 4024 1236 4091 eduard-

579 4137 652 4201 bun.
673 4140 769 4201 1292.

214 4308 264 4375 De
280 4311 440 4379 solutione
456 4335 517 4398 pro
534 4314 637 4399 varijs
668 4313 763 4379 robus
794 4311 1042 4380 medicinalibus
1075 4311 1171 4376 fectis
1204 4313 1238 4379 ‘et

113 4414 287 4500 assignatis
302 4442 363 4505 pro
379 4441 437 4487 usu
464 4420 609 4490 Abbatis
635 4422 766 4488 Nicolai
792 4421 924 4506 Vngari
956 4419 1119 4504 Propositi
1151 4417 1235 4486 Oro·

218 4553 280 4591 nou.
295 4549 377 4594 nutu.
394 4558 463 4594 mur.
480 4568 523 4580 -
540 4558 609 4595 nors
625 4559 702 4595 nnxr.
718 4561 735 4594 1.
1108 4530 1125 4598 7
