3174 5236
57 861 209 946 LKdrcly
224 859 352 924 sicilici
367 859 548 944 kirdtyaclc
561 857 727 934 reudelete,
743 857 824 940 dopy
837 855 958 931 Iotuo'n,
975 852 1089 914 Istcdn
1111 851 1172 912 driu

49 969 107 1053 fio,
122 969 170 1032 tit
187 968 352 1034 Bursoaoi
367 968 481 1033 Jokat
496 966 600 1030 trtszul
618 967 716 1028 bozott
733 963 884 1048 rnupu'uol
903 961 1174 1046 Mopyororszdp·

323 1075 386 1156 bdl,
404 1075 574 1141 Tra-tribou
598 1072 775 1139 drictessc'k.
802 1075 897 1137 127⁸.

156 1253 321 1338 Scriptum
337 1261 387 1318 est
402 1253 594 1318 Justitiario
612 1249 820 1336 capitanate.

1 1429 2 1442 ¹
157 1361 253 1446 Quod
279 1361 484 1445 Stephanum
508 1361 611 1426 filium
628 1358 797 1443 Stephani,
821 1358 902 1424 duos
927 1357 1117 1436 seruientes,
1142 1362 1176 1420 et

1 1456 3 1528 i
59 1491 146 1535 vnum
162 1469 330 1534 vallictum
345 1469 414 1534 eius
432 1470 608 1534 existentes
625 1469 658 1532 iu
674 1465 908 1547 Manfridonia,
932 1486 1014 1547 quos
1030 1463 1054 1528 J
1056 1462 1176 1529 acobus

1 1621 2 1652 t
60 1578 94 1642 de
109 1577 258 1644 Bursono
275 1575 382 1656 Miles,
407 1575 546 1642 dilectus
568 1575 740 1640 familiaris
757 1580 789 1639 et
804 1573 923 1638 fideliis
940 1577 1058 1652 noster,
1074 1593 1177 1655 nuper

1 1679 2 1746 i
60 1685 96 1751 de
109 1684 258 1768 partibus
273 1681 423 1766 Vngarie
438 1705 547 1750 secum
562 1684 668 1766 duxit,
695 1704 753 1766 per
769 1689 802 1747 et
817 1703 877 1765 pro
894 1686 989 1763 parte
1006 1677 1105 1744 Curis
1123 1699 1177 1744 no·

61 1795 121 1855 stre
144 1789 245 1873 recipi
271 1811 291 1856 a
316 1791 561 1874 quibuscunque
576 1788 835 1856 custodientibus
852 1808 908 1853 eos
923 1786 957 1851 in
972 1792 1065 1851 terra
1081 1785 1176 1851 Man-

59 1897 190 1963 sridonie
215 1893 331 1981 (faciat
357 1895 404 1981 et)
430 1895 471 1961 ad
490 1902 635 1962 castrum
651 1896 753 1962 Trani
770 1895 882 1959 mittat
897 1893 957 1960 sub
974 1893 1040 1959 fida
1056 1899 1089 1958 et
1104 1893 1175 1959 dili-

60 2004 141 2088 genti
156 2005 314 2071 custodia.
339 2003 441 2071 XXI.
457 2002 601 2088 Augusti
617 2005 677 2073 VI.
694 2003 890 2071 indictionis.

161 2187 195 2244 (Α
210 2187 350 2251 »negaui
362 2185 511 2250 Angioiui‹
526 2187 558 2236 Α.
576 2193 598 2236 1.
612 2201 649 2236 sz.
664 2202 688 2237 a.
706 2186 842 2252 »Regcsta
855 2183 1004 2235 Karoli1.«
1026 2183 1116 2232 criniti
1130 2183 1180 2230 ko·

61 2277 187 2330 tetetdbdt
203 2281 261 2326 117.
275 2277 348 2342 lev.;
368 2291 394 2327 u.
407 2277 444 2338 o.)

539 2481 592 2490 ..v-—
625 2481 694 2489 -----

1 2653 195 2853 γ..

1 2854 2 2871 ¹
66 2871 89 2933 I.
102 2873 220 2958 Kdrody
231 2872 358 2937 sicilici
368 2873 552 2959 kirdlynub·
563 2875 718 2939 rcodelrte
729 2874 892 2939 (tinniant
905 2875 921 2935 I
926 2875 1047 2938 ‘nudat
1059 2875 1183 2938 brindi-

66 2978 117 3041 stt
131 2979 293 3060 fdudkdez,
319 2981 400 3066 boqy
417 2982 557 3044 ‹rzonnnl
574 2983 674 3068 dujdo
690 2983 841 3068 indutjoa
858 2981 1069 3046 Stnvooiddn.
1089 2985 1182 3046 1278.

165 3157 331 3242 Scriptum
355 3163 406 3222 est
428 3157 561 3225 Pascali
586 3159 626 3226 de
652 3158 800 3225 Guarino
834 3157 1052 3224 Prothontino
1077 3157 1182 3224 Brun·

1 3250 5 3405 p
71 3263 150 3348 dusij
173 3271 232 3332 etc.

1 3459 3 3471 Ι
163 3374 334 3440 Fidelitati
360 3381 414 3442 tue
439 3376 499 3441 sub
527 3397 610 3458 pena
636 3397 771 3459 persone
798 3383 829 3440 et
855 3377 997 3442 omnium
1023 3377 1181 3442 bonorum

1 3483 2 3554 ξ
66 3479 183 3547 tuorum
194 3482 340 3548 distriste
350 3484 559 3567 precipiendo
570 3483 771 3565 mandamus,
782 3491 940 3567 quatenus
951 3487 984 3550 in
995 3485 1185 3564 continenti,

1 3593 4 3704 y
69 3591 147 3655 omni
162 3613 253 3657 mora
269 3598 304 3656 et
319 3593 487 3658 occasione
504 3592 653 3676 sublatis,
669 3614 741 3658 cum
757 3593 903 3659 vassellis
919 3593 1051 3672 nostris,
1067 3593 1183 3676 quibus

1 3710 3 3818 p
70 3717 159 3780 prees,
183 3698 226 3763 ad
242 3699 425 3764 custodiam
442 3701 604 3766 maritime
621 3701 796 3784 deputatis
812 3701 854 3766 ad
869 3709 982 3784 partes
999 3699 1182 3783 Seleucum,

2 3825 3 3896 ᾗ
70 3803 108 3866 ad
123 3803 177 3868 illa
192 3803 347 3869 videlicet
361 3804 441 3886 loca„
459 3827 521 3889 que
538 3826 689 3890 expressa
705 3805 836 3871 suerunt
850 3807 968 3892 inalijs
979 3808 1102 3873 licteris
1113 3829 1184 3873 uos-

68 3909 123 3977 tris
144 3911 201 3977 tibi
226 3933 287 3995 per
303 3911 517 3980 Guillelmum
540 3913 580 3978 de
597 3913 756 3980 liruieriis
772 3914 921 3979 clericum
937 3913 1135 3980 familiarem
1151 3922 1185 3982 et

2 4051 3 4084 t
69 4013 187 4083 fidelem
203 4025 352 4085 nostrum
362 4020 487 4103 pridem
499 4021 640 4104 directis,
656 4019 777 4086 debeas
787 4027 821 4087 te
832 4021 997 4103 conferre3
1014 4020 1183 4088 delaturus

2 4096 5 4164 i
69 4127 165 4189 tecum
188 4124 324 4192 lieteras
349 4135 486 4210 nostras,
511 4149 590 4210 quas
606 4128 669 4194 tibi
685 4127 771 4194 idem
786 4127 923 4195 clericus
939 4129 1128 4212 assignauit,
1152 4137 1186 4196 et

2 4239 3 4278 i
71 4239 253 4299 executurus
279 4240 347 4299 tam
372 4257 435 4318 que
450 4235 618 4318 predictus
634 4238 772 4302 clericus
788 4236 849 4302 tibi
865 4242 1018 4302 oretenus
1035 4244 1185 4321 exparte

70 4331 271 4406 Oelsitudinis
287 4339 410 4408 Nostro
434 4343 556 4427 retulit,
580 4365 678 4426 quam
703 4365 765 4427 que
792 4343 854 4409 tibi
881 4345 1098 4412 commisimus
1124 4367 1184 4429 per

71 4443 145 4512 alias
166 4454 294 4514 nostras
319 4448 451 4514 lictores
475 4449 535 4516 tibi
566 4471 626 4534 per
651 4452 789 4518 eundem
813 4452 965 4517 clericum
990 4453 1185 4539 assignetur.

72 4553 111 4626 ut
131 4555 164 4623 in
187 4557 293 4632 eundo
317 4559 360 4624 ad
386 4565 498 4648 partes
523 4559 655 4632 easdem
681 4582 792 4635 secure
808 4563 969 4634 conducas
984 4565 1019 4632 in
1034 4565 1187 4636 comitiua
