3244 5236
643 315 737 379 Ι1337.

639 606 713 666 349.

102 762 222 827 Robcrt
237 763 367 828 sicilici
382 789 404 830 a
421 766 538 830 Robcrt
565 765 693 850 Koroly
708 786 851 850 magyac
867 764 983 851 kiroty
998 765 1233 851 azolpdloldhoz

403 872 527 938 rcodclt
543 872 644 937 hiscit
660 871 769 958 elc'gtti
792 872 838 934 ki.
856 873 951 938 1337.

209 1029 377 1098 Robertus
393 1029 458 1097 Dei
474 1031 586 1116 gracia
611 1031 798 1116 Jerusalem
814 1039 847 1097 et
863 1029 974 1097 Sicilie
990 1033 1061 1098 Rex
1078 1032 1231 1100 Riocario

6 1145 7 1150 ’
99 1134 141 1200 dc
159 1135 266 1204 Stella
284 1138 407 1222 Magne
423 1145 534 1206 nostre
552 1139 652 1206 Ourie
668 1139 833 1225 Magistro
850 1140 1029 1222 Rationali,
1046 1137 1175 1224 Angelo
1191 1141 1231 1204 de

98 1243 221 1326 Mollia,
239 1254 273 1314 st
287 1248 437 1315 Johanni
453 1247 626 1314 Bernardo
643 1248 682 1313 de
699 1247 840 1314 Rauello
858 1247 1094 1333 Thesaurarijs,
1115 1246 1230 1314 Consi-

98 1349 207 1437 liarijs
224 1362 256 1420 et
271 1355 490 1423 familiaribus
507 1356 625 1422 nostris
642 1361 702 1422 eto.
718 1355 892 1424 Fidelitati
910 1364 1014 1424 vestre
1025 1355 1230 1442 precipimus,

98 1466 260 1541 quatenus
289 1463 442 1532 Riccario
471 1463 511 1530 de
527 1463 839 1530 Altauillallamere
863 1470 974 1532 nostre
990 1465 1130 1532 Notario
1148 1463 1230 1528 Pro-

97 1567 257 1650 magistro
274 1567 495 1652 Arrestorum‚
507 1571 642 1656 Ligario
653 1571 867 1640 Guarraceno
878 1573 919 1638 de
929 1571 1070 1658 Neapoli
1085 1571 1230 1637 Thesau-

98 1677 189 1741 rarie
205 1684 314 1744 nostre
325 1679 466 1747 Notario
477 1678 760 1764 Prothesaurario,
775 1681 908 1747 Marino
925 1680 966 1747 de
982 1679 1094 1745 'Prono
1106 1678 1229 1744 Panec-

4 1859 5 1864 γ
96 1783 185 1849 taric
195 1793 306 1852 nostre
317 1786 481 1870 Magistro
492 1785 930 1871 PromagistroPanectario,
941 1787 1084 1872 Rogerio
1095 1785 1232 1852 Mabro-

96 1913 140 1956 na
158 1891 387 1978 Promagistrc
409 1894 643 1976 Buctioulario,
662 1895 808 1961 Laumno
824 1894 988 1962 ‹leMassa
1003 1894 1229 1974 Promagistro

94 1998 1230 2086 Mareschelle,etlansonodeChalonoPromagistroFructuario‚ad

3 2163 6 2172 ,
94 2109 236 2174 seruitia
253 2107 358 2174 incliti
373 2109 475 2192 Regis
486 2107 634 2193 Vngarie
644 2109 819 2192 deputatis,
829 2110 937 2175 uncias
947 2110 1018 2176 auri
1039 2103 1229 2173 XXVIIII

3 2263 17 2308 '3
93 2219 230 2280 tarenos
245 2212 343 2280 XIII
359 2222 392 2280 et
416 2235 521 2299 grana
547 2213 598 2282 IV
615 2214 768 2297 ponderis
784 2214 944 2298 generalis
961 2214 1089 2279 debitus
1105 2214 1152 2277 eis
1168 2234 1227 2296 per

3 2303 4 2308 ἵ
95 2321 273 2387 Camenam
290 2329 434 2388 nostram
451 2343 511 2406 pro
528 2321 677 2406 expensis
704 2343 814 2388 eorum
831 2323 910 2388 certi
928 2321 1047 2386 diuersi
1064 2320 1220 2403 temporis

93 2439 167 2496 tam
193 2431 227 2494 in
243 2431 386 2496 aduentu
402 2430 525 2496 domini
551 2432 655 2514 Regis
682 2431 829 2516 Vugarie
846 2429 886 2494 de
902 2429 1026 2496 Barolo
1043 2426 1227 2512 Neapolim,

94 2561 196 2624 quam
213 2542 247 2606 in
264 2540 371 2607 reditu
396 2540 540 2606 eiusdem
568 2539 710 2625 Neapoli
741 2537 1015 2622 Manlredouiam,
1031 2560 1090 2624 pro
1106 2559 1170 2622 quo
1187 2536 1226 2601 de

2 2639 3 2646 '
92 2648 220 2715 eisdem
237 2650 387 2733 expensis
404 2657 481 2715 tunc
499 2650 545 2716 eis
561 2671 620 2733 per
637 2648 770 2715 Curiam
800 2655 945 2714 nostram
963 2645 1119 2712 stabilitis
1135 2647 1228 2712 satis-

2 2750 27 2804 !
91 2757 220 2824 lactum
251 2780 316 2824 nou
348 2757 418 2841 fuit,
450 2780 514 2842 quo
540 2758 672 2841 quidem
697 2765 843 2842 tempore
867 2757 1000 2824 luerunt
1016 2755 1056 2819 (le
1073 2754 1228 2821 mandato

92 2876 209 2934 nostro
226 2868 268 2934 ad
285 2869 420 2934 seruitia
436 2867 516 2933 dicti
532 2866 655 2932 domini
671 2867 775 2951 Regis
800 2865 948 2950 Vngarie
974 2865 1127 2930 continue
1143 2883 1227 2928 com-

92 2977 227 3042 morati.
242 2975 293 3042 De
309 2999 376 3060 qua
401 2977 540 3060 pecunia
571 2984 629 3042 etc.
657 2975 783 3041 soluere
808 2981 840 3040 et
866 2973 1020 3040 exhibere
1045 2972 1174 3053 curetis,
1192 2979 1224 3036 et

92 3083 265 3168 recipiatis
283 3085 324 3150 ab
341 3083 387 3149 eis
404 3084 521 3150 exinde
547 3083 718 3169 apodixas.
743 3073 868 3148 Datum
891 3079 1032 3164 Neapoli
1057 3098 1144 3142 anuo
1160 3079 1227 3142 Do.

89 3195 175 3258 mini
191 3189 515 3260 MOOOXXXVII.
531 3193 583 3258 die
601 3192 671 3260 III.
694 3191 813 3257 mensis
830 3190 959 3274 Aprilis
970 3188 1012 3258 V.
1029 3186 1229 3252 indictionis-

204 3355 240 3420 (A
250 3353 389 3420 »Registri
404 3356 554 3419 Angioini«
564 3353 662 3410 Galo.
672 3355 786 3421 szffteg.
795 3354 911 3405 Rooeru
925 3354 958 3404 R.
972 3353 1030 3403 kot.
1042 3355 1099 3401 186.
1113 3351 1140 3412 1.,
1154 3365 1180 3399 u.
1191 3352 1229 3408 o.)

626 3737 699 3800 350.

89 3898 406 3986 Moyyarorcqubol
423 3901 498 3964 volo
514 3896 609 3964 Suetl
637 3899 748 3963 lacoon
773 3897 890 3962 Robore
916 3891 1045 3958 sieilia-i
1066 3889 1179 3976 lcira‘ly
1196 3889 1228 3952 ts

249 4008 362 4072 Eudre
379 4008 546 4072 colubrini
563 4009 692 4092 horczeg
708 4003 961 4089 saolqdlatdbac.
985 4003 1081 4064 1337.

204 4165 392 4251 Stephanus
424 4165 529 4235 Sueth
562 4166 748 4250 Hungcrus
775 4163 946 4232 familiaris
972 4169 1003 4226 et
1029 4159 1134 4226 fidelis
1160 4159 1226 4222 Ro-

88 4275 180 4346 berti
207 4275 310 4359 Regis
328 4297 366 4342 ac
383 4274 579 4360 Spectabilis
595 4273 733 4339 Andree
748 4271 851 4339 Ducis
867 4269 1103 4352 Calabrie‚pro
1121 4267 1226 4350 gratis

88 4394 122 4453 et
155 4385 303 4469 acceptis
334 4385 481 4468 seruitijs
513 4384 659 4467 prestitis
685 4390 720 4448 et
744 4380 940 4467 praestandis,
966 4373 1225 4442 consideratione

86 4515 223 4581 quoque
255 4501 289 4561 et
315 4514 425 4560 amore
452 4500 519 4559 tam
545 4493 653 4557 incliti
665 4491 830 4576 Principis
846 4487 966 4554 domini
988 4485 1004 4546 l
1006 4483 1097 4549 laroli
1125 4482 1229 4565 Regis

135 4633 240 4670 111111111-
256 4632 339 4669 uuae.
355 4633 422 4668 mar.
439 4641 482 4650 -
499 4631 566 4666 noun
583 4631 641 4668 uxr.
658 4631 676 4664 1.
1079 4599 1119 4658 93
