3244 5236
588 347 681 414 1338.
1017 425 1019 430 ,
1136 353 1199 416 365

14 557 15 562 ¹
74 525 170 607 locis,
185 527 343 611 personis,
360 525 529 592 ordinibus
544 533 577 591 et
592 527 775 594 nominibus
791 529 934 612 propriis
950 530 1155 610 mentionem,
1171 538 1205 596 et

72 634 273 720 quibuslibet
297 635 371 717 alijs
398 634 583 718 priuilegijs
598 634 813 719 indulgentijs
829 642 863 702 et
877 635 982 702 literis
998 634 1201 721 Apostolicis

15 759 16 764 ’
72 743 281 826 generalibus
306 743 357 810 rol
376 744 579 826 specialibus
605 765 869 830 quorumcunque
886 752 1034 811 tenorum
1052 747 1203 826 existant,
1268 777 1270 780 ·

74 872 132 935 per
147 871 211 936 que
226 851 430 936 presentibus
446 873 511 918 non
527 873 687 936 expressa,
702 853 753 918 vel
767 852 918 919 totaliter
934 875 999 919 non
1015 853 1139 920 inserta
1148 877 1203 919 no-

14 1019 16 1030 .
74 959 402 1030 streJurisdictionis
412 960 586 1042 explicatio
596 960 630 1024 iu
646 960 708 1025 hac
724 967 819 1043 parte
835 961 1083 1044 quomodolibet
1097 963 1207 1027 valcat

75 1067 237 1151 impediri,
252 1075 285 1133 et
301 1068 342 1132 de
360 1068 478 1151 quibus
495 1087 699 1150 quorumque
715 1067 795 1133 totis
811 1067 978 1135 tenoribus
995 1067 1035 1134 de
1046 1066 1145 1134 verbo
1162 1069 1204 1134 ad

75 1175 209 1240 verbum
224 1173 377 1242 habenda
393 1175 435 1242 sit
450 1177 484 1241 iu
499 1177 622 1241 nostris
631 1175 735 1242 literis
745 1176 866 1242 mentio
876 1175 1036 1259 specialis.
1052 1174 1206 1241 Ceterum

75 1281 220 1348 volumus
246 1287 279 1348 et
295 1280 492 1366 Apostolica
511 1283 709 1350 auctoritate
725 1282 938 1364 decernimus,
963 1281 1051 1368 quod
1068 1282 1206 1364 quilibet

74 1397 217 1457 vestrum
233 1391 390 1475 prosequi
407 1392 516 1457 valeat
530 1391 707 1456 articulum
718 1391 819 1456 etiam
829 1391 997 1474 paralium
1008 1390 1204 1469 inchoatum,

76 1499 226 1582 quamuis
252 1498 339 1564 idem
363 1497 520 1565 inchoans
545 1499 634 1564 nullo
658 1497 758 1564 fuerit
783 1499 1013 1584 impedimento
1040 1495 1206 1564 Canopico

75 1607 275 1691 prepeditus,
300 1607 454 1690 quodque
480 1607 571 1673 vobis
596 1613 629 1673 et
645 1608 776 1690 utrique
791 1615 933 1674 vestrum
949 1627 969 1673 a
985 1606 1063 1672 data
1077 1625 1207 1691 presen-

76 1714 158 1778 tium
175 1715 269 1780 sitin
284 1714 449 1798 premissis
465 1715 613 1780 omnibus
630 1722 662 1780 et
680 1734 791 1781 eorum
816 1715 953 1800 siugulis
977 1719 1138 1799 perpetua
1151 1734 1206 1797 po-

76 1827 180 1886 testas
206 1827 238 1886 et
259 1821 446 1906 jurisdictio
473 1821 640 1903 attributa,
667 1827 701 1886 vt
726 1843 764 1887 eo
790 1823 908 1906 vigore,
933 1842 1035 1909 caque
1051 1820 1205 1888 firmitate

78 1930 181 2011 possit
206 1931 239 1994 in
264 1930 431 2014 premissis
447 1931 595 1997 omuibus
618 1938 650 1995 et
667 1929 810 2014 singulis
838 1936 871 1996 et
886 1951 946 2014 pro
961 1928 1117 2014 predictis
1133 1949 1208 2013 pro·

77 2036 204 2118 cedere,
220 2059 259 2103 ac
276 2038 303 2102 si
320 2036 468 2120 predicta
483 2037 592 2102 omnia
608 2043 641 2102 et
657 2038 786 2121 singula
802 2037 1010 2104 coramvobis
1020 2045 1116 2120 cepta
1130 2035 1208 2102 fuis-

77 2149 159 2228 sent,
185 2151 218 2209 st
240 2145 426 2228 jurisdictio
453 2151 567 2212 nostra
582 2165 680 2229 super
699 2144 1028 2230 premissisomnibus
1045 2150 1207 2210 eteorum

77 2253 215 2335 singulis
246 2274 307 2336 per
338 2253 527 2318 citationem
560 2253 611 2319 rel
641 2253 772 2317 modum
803 2253 903 2317 alium
933 2256 1130 2335 perpetuata
1164 2250 1208 2315 le-

77 2361 243 2442 gittimum
269 2362 441 2442 extitisset,
471 2382 662 2446 quacunque
694 2360 925 2426 constitutione
956 2380 1020 2424 nou
1046 2359 1208 2425 obstante.

79 2467 176 2552 Quod
202 2469 229 2532 si
253 2467 374 2553 prefati
399 2469 560 2553 Magister
585 2476 618 2535 et
641 2469 760 2536 fratres
784 2470 818 2535 in
842 2469 904 2534 hac
929 2475 1024 2551 parte
1050 2467 1209 2551 processi-

79 2576 137 2642 bus
162 2577 280 2642 vestris
306 2575 483 2642 efficaciter
507 2597 624 2659 parere
650 2596 714 2642 uon
739 2576 937 2654 curauerint,
963 2581 995 2641 et
1021 2574 1119 2639 etiam
1135 2575 1209 2638 obc-

79 2683 167 2767 dire;
206 2705 262 2751 eos
293 2705 332 2749 ex
363 2691 456 2768 parte
493 2691 608 2750 nostra
640 2683 858 2767 peremptorie
889 2682 1006 2764 citetis,
1023 2681 1028 2692 '
1047 2687 1082 2748 vt
1121 2681 1209 2746 infra

14 2879 15 2884 ἵ
80 2794 245 2860 semestris
268 2794 426 2877 temporis
451 2792 592 2876 spatium
617 2797 693 2874 post
718 2791 907 2856 citationem
931 2795 1073 2855 vestram
1099 2788 1209 2855 huius·

81 2901 166 2966 modi
199 2923 272 2967 cum
304 2901 453 2969 omnibus
486 2921 597 2966 eorum
632 2907 664 2965 et
697 2900 782 2964 dicte
809 2897 935 2963 Domus
968 2897 1208 2981 exemptionum

79 3009 271 3095 priuilegijs,
296 3011 324 3075 si
350 3031 416 3093 qua
440 3008 563 3076 habent
589 3009 698 3091 ijdem,
723 3007 875 3072 videlicet
898 3003 1060 3088 Magister
1085 3011 1119 3070 et
1144 3002 1210 3070 fra·

78 3123 153 3198 treS,
178 3137 261 3201 quos
285 3137 344 3200 per
368 3116 630 3182 informationem
655 3114 838 3180 huiusmodi
862 3097 1059 3198 principales
1076 3119 1110 3177 et
1134 3134 1206 3195 pre·

79 3225 189 3308 cipuos
205 3225 393 3310 repereritis
408 3225 628 3309 predictorum
646 3245 833 3292 excessuum
849 3225 1036 3306 patratores
1052 3243 1205 3305 persona-

78 3331 161 3415 liter,
186 3333 243 3418 alij
269 3354 346 3400 vero
371 3354 429 3417 per
454 3340 700 3417 procuratorem
726 3351 782 3397 seu
807 3337 1037 3414 procuratores
1052 3329 1205 3424 ydoneos,

14 3433 18 3443 '
79 3439 210 3524 plenum
234 3447 269 3506 et
293 3437 455 3508 sufficiens
470 3440 670 3521 mandatum,
695 3459 733 3506 ae
750 3439 881 3524 plenam
897 3445 930 3505 et
945 3436 1083 3503 liberam
1101 3444 1209 3520 potes·

14 3605 16 3610 ,
78 3555 179 3615 tatem
207 3549 380 3616 habentem
405 3569 462 3614 seu
487 3548 656 3630 hahentes,
682 3547 724 3614 ad
740 3543 957 3614 obediendum
973 3552 1007 3612 et
1022 3543 1204 3629 parendum

79 3677 190 3724 eorum
215 3657 344 3723 nomine
371 3663 402 3724 et
422 3677 483 3742 pro
499 3663 593 3740 parte
609 3675 678 3737 sua,
704 3673 801 3740 super
817 3652 984 3740 premissis
1001 3649 1206 3736 Apostolicis

81 3766 346 3848 ordinationibus,
356 3764 571 3850 beneplacitis
581 3773 614 3830 et
624 3764 798 3846 mandatis,
815 3762 1010 3847 Apostolico
1021 3756 1208 3845 conspectui

14 3939 15 3944 ,
82 3893 115 3938 se
139 3882 334 3958 presentent,
360 3874 424 3959 hijs
449 3895 512 3958 que
529 3895 624 3958 super
639 3873 805 3957 premissis
822 3869 943 3936 iudicio
960 3868 1012 3935 vel
1027 3863 1212 3944 concordia,

79 3981 287 4067 iniungenda,
312 4005 350 4049 ac
366 3981 542 4048 statuenda
559 3980 755 4061 duxerimus,
772 3978 918 4063 plenarie
935 3975 1086 4061 parituri,
1102 3982 1135 4040 et
1151 3973 1211 4039 ali-

79 4095 127 4156 ter
150 4090 271 4157 facturi
297 4099 330 4156 et
356 4090 529 4176 recepturi,
557 4087 646 4173 quod
670 4085 710 4154 de
726 4085 821 4154 Sedis
847 4084 992 4151 eiusdem
1016 4081 1213 4166 processerit

81 4195 282 4285 beneplacito
308 4199 493 4266 voluntatis.
531 4195 690 4279 Alioquin
715 4195 778 4260 nisi
804 4191 1046 4277 comparuerint
1072 4195 1106 4255 et
1123 4187 1211 4254 dicta

83 4307 254 4390 priuilegia
268 4306 483 4390 portauerint,
499 4305 558 4370 illa
574 4305 661 4370 dicta
679 4302 758 4370 Sedi
771 4299 965 4384 Apostolico
981 4297 1153 4376 ostensuri,
1169 4318 1209 4362 ex

83 4421 156 4480 tunc
182 4416 356 4500 priuilegia
381 4416 452 4498 ipsa
472 4415 707 4498 suspendimus,
732 4417 765 4477 et
781 4413 868 4494 ipsos
885 4409 1014 4474 interim
1032 4407 1098 4472 suis
1115 4402 1215 4470 Ordi-

81 4525 183 4609 nan'js
208 4522 354 4588 volumus
380 4544 449 4587 osse
474 4522 646 4604 subiectos,
677 4541 715 4585 ac
740 4517 967 4584 nichilominus
999 4520 1115 4584 contra
1145 4534 1212 4598 eoa,
