3170 5234
582 290 677 355 1326.
706 291 707 296 ’
1128 290 1191 353 139

74 488 126 552 pro
140 471 242 536 unciis
259 469 386 536 duabus
402 475 435 535 et
450 469 590 534 tartenis
601 469 716 556 viginti
733 475 882 550 quatuor.
898 467 1036 534 Librum
1047 489 1145 532 vnum
1160 469 1193 532 in

6 631 8 638 t
78 599 134 660 quo
150 585 228 642 sunt
244 579 372 644 diverse
398 578 562 643 orationes
587 598 647 660 pro
673 577 794 641 tarenis
820 581 943 659 septem
961 577 1193 658 0131011010-

76 707 144 749 cem.
159 685 280 750 Libros
297 685 378 750 duos
397 687 601 750 continentes
627 684 725 750 uitam
750 684 856 749 Beate
872 681 1022 749 Elisabet
1033 706 1091 768 pro
1108 690 1194 749 tare-

6 819 8 864 ε
73 791 464 858 1100011.Βί111111111111111
489 794 707 859 continentem
733 793 898 857 orationes
924 792 1028 857 Beate
1045 791 1193 876 Virginis

74 923 125 984 pro
140 903 266 966 tarenis
283 922 349 968 sex.
365 902 501 967 Librum
518 923 614 966 vnum
640 907 806 966 certarum
832 901 1017 966 orationum
1033 922 1093 984 pro
1109 906 1193 967 tare·

6 1055 7 1082 1
72 1010 116 1073 110
130 1009 247 1074 tribue.
279 1009 417 1087 Librum
448 1031 545 1075 vnum
572 1007 1193 1076 (1011011001111101111011111011101111

73 1139 126 1200 pro
141 1117 236 1183 vncia
252 1140 324 1183 una.
340 1117 476 1184 Librum
492 1138 590 1182 unum
616 1115 866 1182 meditationum
891 1118 1053 1200 passionis
1070 1116 1195 1182 Christi

6 1235 8 1314 ᾗ
74 1225 102 1288 11
118 1223 285 1291 Gallicum
300 1245 360 1308 pro
387 1222 510 1288 tarenis
537 1222 732 1304 quindecim.
763 1221 901 1288 Librum
917 1245 1013 1288 vnum
1030 1230 1195 1288 certarum

6 1353 8 1360 ·
73 1333 251 1398 orationum
267 1353 326 1416 pro
343 1331 466 1396 tarenis
483 1351 546 1395 sera
562 1329 700 1395 Librum
716 1351 811 1395 vnum
838 1330 1007 1396 docentem
1024 1331 1066 1396 ad
1082 1331 1195 1397 reden-

74 1441 124 1506 das
154 1441 282 1524 gratias
313 1460 374 1522 pro
405 1439 530 1503 tarenis
563 1443 686 1520 septem
718 1443 752 1502 01
784 1439 894 1520 granis
910 1439 1030 1504 decem.
1063 1437 1196 1505 Oertam

73 1550 285 1632 quantitatem
300 1547 499 1613 corallorum
513 1544 753 1630 perforatorum
769 1568 829 1629 pro
840 1547 963 1611 tarenis
975 1547 1107 1614 duobus.
1119 1547 1196 1613 001-

6 1653 8 1740 }
72 1664 134 1722 tam
149 1657 372 1740 quantitatem
387 1655 590 1722 vitriolorum
623 1654 773 1720 viridium
789 1676 848 1739 pro
865 1661 980 1722 tareno
997 1677 1057 1722 vno
1074 1663 1106 1722 et
1122 1679 1196 1740 gra·

6 1801 8 1830 2
71 1765 118 1830 nie
133 1765 255 1830 decem.
271 1765 521 1848 Exemplarium
546 1763 748 1828 diversorum
773 1762 924 1828 laborum
949 1764 989 1828 de
1005 1769 1076 1829 0010
1092 1768 1124 1830 in
1142 1786 1195 1849 pe·

6 1875 7 1918 ἶ
73 1871 124 1936 tiis
147 1893 212 1956 pro
228 1872 351 1938 tarenis
367 1872 472 1938 tribue
489 1876 521 1935 et
536 1871 648 1953 granis
674 1871 825 1954 quinque.
842 1868 1033 1936 Tabolettas
1050 1871 1090 1936 de
1106 1871 1195 1953 ligno

73 1979 110 2043 ad
125 1977 342 2045 laborandum
374 1984 499 2044 tessuta
530 1998 589 2060 pro
618 1978 743 2042 tarenis
774 1975 901 2045 duobus
931 1978 1044 2061 granis
1076 1977 1197 2046 decem.

76 2084 242 2152 Scrineum
257 2109 355 2172 vnum
372 2087 411 2151 de
427 2087 517 2170 ligno
543 2086 634 2150 nucis
660 2084 818 2150 ferratum
843 2094 1012 2169 copertum
1028 2087 1095 2152 tela
1112 2089 1196 2153 inoe-

6 2261 8 2270 ,
73 2200 141 2259 rata
157 2214 220 2279 pro
236 2195 359 2260 tarenis
369 2217 435 2260 sex.
446 2195 530 2259 Item
540 2193 741 2276 Berengario
751 2191 907 2258 familiari
923 2192 1045 2259 domini
1063 2193 1197 2260 Cancel-

6 2309 7 2312 ’
74 2302 142 2366 larii
168 2303 332 2369 cossinum
347 2323 445 2368 vnum
461 2302 501 2368 de
518 2302 667 2368 sammito
684 2301 806 2368 moleto
822 2323 882 2384 pro
893 2304 1016 2368 tarenis
1027 2304 1197 2387 quidecim.

6 2415 7 2418 ’
71 2409 224 2476 00001100
240 2417 307 2476 1100
324 2410 363 2474 de
380 2411 531 2476 sammito
548 2410 670 2475 molato
686 2411 798 2493 plenos
814 2411 925 2493 pluma
940 2432 999 2494 pro
1015 2412 1110 2477 uncia
1126 2433 1198 2478 vna.

6 2561 7 2592 r
71 2514 1199 2604 0000110010110101100111101110,1100011100011000010011101011010

6 2663 7 2668 1
71 2646 137 2690 rna.
155 2626 803 2710 0000111011οο01011011000111000111010
819 2627 942 2692 moleto
958 2648 1017 2711 pro
1034 2629 1127 2694 uncia
1137 2651 1199 2696 vna

6 2783 7 2814 3
70 2739 100 2798 et
113 2733 240 2799 tarenis
257 2733 453 2816 quindecim.
482 2733 567 2798 Item
593 2731 709 2818 Sergio
735 2732 961 2799 Acconzaioco
994 2737 1198 2818 sparvarium

72 2860 167 2906 unum
185 2839 227 2904 de
245 2840 380 2905 cendato
397 2840 483 2924 yndo
512 2862 584 2906 cum
611 2842 737 2905 cortina
763 2841 803 2905 de
828 2861 935 2924 panno
952 2843 1053 2908 serico
1070 2844 1197 2927 uirgato

72 2969 130 3030 pro
146 2948 269 3014 nuncia
286 2969 348 3014 vna
379 2948 505 3013 tarenis
536 2947 728 3030 quindecim.
745 2947 887 3014 Dossale
911 2970 1009 3013 vnum
1034 2950 1073 3014 de
1089 2972 1197 3033 panno

74 3057 182 3124 001100
194 3055 235 3120 de
251 3055 344 3121 Luca
360 3061 476 3120 vocato
492 3055 721 3138 congiaculure
746 3053 1012 3141 (cambiaoolore)
1029 3079 1090 3141 pro
1106 3061 1200 3124 uncia

6 3165 8 3214 ἶ
72 3165 268 3232 1101010110
284 3163 469 3247 quindecim
500 3162 609 3230 Sedile
640 3185 740 3228 unum
771 3165 921 3230 strictum
944 3165 1131 3232 laboratum
1156 3167 1199 3231 ad

6 3271 7 3310 3
71 3274 203 3340 modum
219 3272 322 3338 cultra
339 3271 379 3336 de
396 3293 505 3356 panno
522 3272 626 3337 serico
658 3271 698 3335 de
728 3272 821 3337 Luca
845 3291 906 3354 pro
923 3274 1046 3339 tarenis
1072 3274 1199 3340 octode-

6 3429 7 3432 ,
73 3381 141 3445 eim.
157 3382 248 3445 Item
264 3379 371 3444 Paulo
388 3376 530 3444 Gerardi
546 3377 647 3445 sedile
663 3401 758 3444 vnum
769 3380 809 3444 de
827 3379 966 3445 cendato
983 3380 1106 3447 molato
1125 3404 1199 3448 cum

73 3488 297 3554 imburditura
313 3487 355 3552 de
372 3487 510 3552 cendato
527 3487 569 3552 ad
585 3507 678 3552 arma
703 3486 833 3552 domine
849 3486 976 3571 Regine
992 3510 1052 3571 pro
1076 3487 1200 3555 tarenis

6 3583 7 3590 ¹
72 3597 261 3661 octodecim.
278 3595 330 3660 De
347 3595 413 3660 tela
429 3594 515 3660 linea
529 3593 709 3661 Parisiensi
725 3615 844 3660 cannae
860 3595 1123 3681 vigintiquinque
1141 3618 1200 3681 pro

6 3695 9 3758 Ῑ
73 3704 171 3768 unciis
183 3702 898 3769 1111011110.Βο0010111010Ρο11010110100111100
911 3703 1026 3786 viginti
1036 3726 1097 3788 pro
1109 3711 1201 3774 vncia

6 3817 7 3886 j
74 3829 133 3878 rna
163 3810 290 3876 tarenis
326 3810 449 3893 viginti.
471 3808 623 3875 Robbam
639 3832 732 3875 unam
748 3809 789 3874 de
804 3830 912 3894 panno
929 3810 1078 3893 bruneto,
1093 3813 1201 3880 videli-

74 3925 122 3985 cet
138 3940 259 4002 capam
275 3939 370 3984 vnam
386 3917 428 3982 ad
445 3917 666 4002 equitandum,
692 3923 856 3984 smootum
888 3941 993 4000 vnum,
1010 3921 1202 3990 mantellum

73 4047 167 4091 rnum
184 4025 407 4090 infoderatum
423 4025 522 4090 variis
547 4027 681 4091 minutis
699 4033 731 4091 et
757 4048 885 4094 coccam
909 4045 1008 4092 unam
1025 4049 1084 4113 pro
1101 4032 1202 4100 unciis

73 4134 253 4199 undecimo.
268 4131 421 4199 Robbam
437 4155 533 4198 vnam
552 4133 592 4200 de
617 4155 726 4217 panno
753 4135 875 4201 accolle
900 4135 1049 4202 videlicet
1074 4159 1204 4207 coccam

72 4263 180 4320 unam,
198 4260 312 4323 capam
329 4240 373 4306 ad
390 4240 602 4324 equitandum
618 4263 726 4324 unam,
743 4250 908 4309 surcotum
918 4265 1023 4324 vnum,
1037 4255 1203 4318 surcotum

75 4355 227 4433 apertum
244 4368 350 4431 vnum,
367 4349 557 4414 mantellum
574 4371 669 4414 vnum
700 4351 920 4418 infoderatum
945 4352 1044 4418 variis
1069 4355 1204 4426 minutis

74 4477 132 4542 pro
149 4458 260 4523 unciis
276 4453 433 4521 tredecim
450 4463 481 4520 et
497 4459 618 4522 tarenis
646 4458 839 4541 quindecim.
865 4455 1018 4526 Robbanr
1051 4484 1148 4531 vnam
1165 4469 1203 4536 de
