3244 5236
422 319 497 419 Ἰ3818
785 351 1019 414 ontouncziur
1037 343 1206 415 surtran.

431 551 528 616 super
553 549 601 609 ec,
627 528 715 612 quod
730 527 824 594 nobis
840 530 1048 612 scripserunt,
1074 525 1162 610 quod
1177 523 1260 592 dicti
1276 525 1420 592 Comites
1435 511 1542 592 Paulus

432 643 466 702 ct
483 634 666 722 Gregorius
684 637 717 701 iu
732 656 771 700 eo
788 639 822 701 et
838 656 999 720 supereo,
1016 633 1104 719 quod
1120 634 1183 718 ipsi
1192 635 1377 718 provisores
1388 654 1442 698 eos
1452 633 1543 716 requi·

432 747 577 812 siuerant
602 745 643 809 de
669 743 776 825 mode,
802 745 859 828 qui
874 749 907 808 et
922 745 969 808 eis
985 744 1150 809 videbitur
1165 742 1324 808 tenendus
1340 743 1375 808 in
1391 741 1475 807 iacto
1490 763 1544 806 ces

422 851 570 920 'sationis
587 851 746 918 aduentus
756 849 859 934 Regis
870 848 1028 935 Vugarie,
1044 850 1290 934 responderant,
1307 848 1396 933 quod
1412 852 1439 914 si
1455 855 1545 916 essent

422 956 513 1024 'vuiti
538 978 612 1022 cum
628 954 755 1022 Comite
772 953 918 1039 Neliptio
942 978 980 1022 ex
998 977 1060 1022 vna
1076 961 1179 1040 parte,
1196 962 1228 1020 et
1244 977 1317 1020 cum
1332 953 1409 1021 filiis
1424 955 1544 1022 modom

434 1065 574 1131 Comitis
591 1062 763 1142 Friderici,
789 1062 913 1128 scilicet
929 1060 1113 1128 Comitibus
1130 1061 1258 1146 Dupmo
1286 1068 1320 1128 et
1334 1061 1492 1129 Bartholo
1514 1083 1546 1126 ex

432 1173 548 1254 altera,
566 1170 618 1235 vel
633 1175 762 1235 tantum
778 1191 851 1234 cum
867 1191 930 1236 vna
946 1173 1091 1254 ipsarum
1101 1172 1253 1254 partium,
1267 1169 1419 1236 habendo
1429 1175 1460 1234 et
1469 1169 1560 1242 auri¹
1602 1205 1603 1208 π

433 1279 514 1346 lium
529 1286 640 1344 nostre
656 1275 908 1360 Dominationis,
928 1279 1106 1344 credebant
1121 1278 1253 1344 indubie
1269 1279 1316 1344 sic
1331 1277 1445 1360 lacere,
1471 1274 1544 1357 quod

433 1387 508 1456 Rex
534 1407 598 1452 non
625 1388 765 1466 veniret3
797 1393 831 1450 et
846 1385 935 1468 quod
951 1393 1024 1452 erat
1039 1385 1169 1471 bonum,
1195 1385 1282 1469 quod
1297 1388 1361 1470 ipsi
1378 1387 1545 1469 provisores

433 1497 605 1562 mitterent
620 1493 664 1559 ad
675 1491 837 1560 Comitem
852 1493 885 1558 N
887 1469 1043 1579 eliptium,
1059 1501 1094 1559 vt
1109 1495 1240 1575 reniret
1256 1493 1313 1559 sed
1329 1501 1439 1559 tamen
1453 1490 1492 1557 ab
1506 1491 1545 1555 eis

428 1605 518 1668 'scire
543 1600 697 1668 volebant
720 1621 871 1686 expresse
885 1601 1131 1670 Dominationis
1155 1607 1266 1667 nostre
1281 1602 1498 1680 intentionem,
1518 1603 1544 1662 et

436 1709 524 1793 quod
539 1708 672 1775 taudem
690 1708 785 1774 simul
796 1709 1033 1791 ordinauerint‚
1049 1708 1137 1793 quod
1147 1707 1228 1776 dicti
1238 1708 1385 1776 Comites
1395 1710 1544 1774 mitterent

435 1838 474 1882 ex
489 1821 584 1900 parte
601 1837 659 1880 sua
674 1837 772 1880 suurn
789 1818 950 1910 nuncium2
966 1825 999 1884 et
1014 1820 1077 1902 ipsi
1093 1819 1280 1902 prouisores
1295 1839 1392 1882 vnum
1409 1809 1545 1880 aliumad

431 1929 541 2010 'ipsum
558 1919 720 1988 Comitem
737 1919 921 2008 Neliptium
936 1924 979 1991 ad
995 1926 1245 2010 procurandum,
1262 1925 1350 2010 quod
1367 1927 1433 2009 ipse
1444 1921 1544 1989 Comes

436 2030 605 2118 Neliptius
620 2034 839 2116 personaliter
853 2037 971 2118 veniat,
985 2037 1037 2102 vel
1047 2038 1167 2116 mittat,
1177 2056 1275 2101 eausa
1285 2034 1417 2100 uniendi
1427 2032 1546 2100 seadin·

436 2145 558 2221 uicem;
582 2149 615 2205 et
641 2140 729 2222 quod
746 2142 896 2207 similiter
913 2145 1072 2226 scriptum
1088 2143 1243 2210 extiterat
1257 2141 1412 2226 predictis
1428 2141 1545 2208 Comiti·
1602 2153 1603 2158 ’

435 2249 498 2315 bus
512 2247 642 2334 Duymo
659 2247 873 2330 etBartholo,
891 2251 977 2332 quod
993 2251 1134 2317 libenter
1151 2259 1259 2316 essent
1274 2272 1382 2317 seeum
1397 2251 1438 2316 ad
1454 2248 1545 2334 parla-

434 2362 578 2424 mentum
595 2362 627 2421 et
643 2377 714 2421 cum
731 2357 804 2420 istis
821 2354 1012 2441 Comitibus,
1028 2357 1177 2443 predicta
1193 2363 1301 2424 omnia
1317 2361 1351 2423 iu
1367 2380 1480 2443 magna
1494 2356 1544 2421 fre

437 2469 569 2548 quentia
587 2467 791 2546 denotantes
817 2466 969 2553 dicentes,
986 2470 1074 2551 quod
1090 2471 1117 2534 si
1133 2469 1281 2553 placeret
1296 2467 1400 2551 nobis,
1415 2467 1545 2534 commit
1602 2469 1603 2474 ’

434 2579 559 2638 teretur
576 2577 631 2652 eis,
648 2573 739 2656 quod
750 2580 883 2655 possent
898 2578 1091 2658 promittere
1105 2576 1201 2642 dictis
1218 2575 1402 2643 Comitibus
1417 2583 1448 2642 et
1456 2575 1546 2642 Bero-

435 2683 530 2749 nibus
557 2677 731 2746 Sclauouie
757 2682 923 2763 auxilium,
949 2683 1101 2749 videlicet
1125 2685 1159 2748 in
1184 2684 1349 2766 equitibus
1366 2691 1399 2748 et
1414 2684 1484 2749 aliis
1499 2683 1545 2746 sti·
1600 2695 1602 2800 ἰ

434 2788 623 2872 pendiariis‚
648 2809 720 2852 curn
736 2788 803 2852 tale
821 2787 976 2854 auxilium
992 2790 1074 2856 velle
1089 2790 1275 2856 viderentur
1290 2789 1435 2857 Comites
1449 2791 1507 2875 ipsi
1521 2795 1547 2854 et
1600 2803 1602 2844 ὲ

437 2894 602 2977 Berones3
620 2894 709 2976 qued
724 2895 836 2978 placet
850 2895 943 2960 nobis
961 2895 1001 2962 de
1016 2899 1078 2977 ria,
1095 2917 1193 2981 quam
1208 2901 1244 2964 iu
1259 2897 1321 2963 hoc
1329 2904 1508 2982 tenuerunt,
1520 2903 1546 2961 ct

435 3001 475 3069 de
492 3004 618 3068 nunciis
638 3001 679 3066 od
696 3001 819 3066 dictum
835 2997 997 3068 Comitem
1016 3003 1198 3070 destinatis.
1237 3003 1304 3072 Sed
1319 3007 1396 3088 quia
1412 3028 1474 3071 non
1489 3025 1548 3088 spe·

438 3109 651 3176 cificauerunt
683 3107 777 3173 nobis
804 3109 1022 3192 quantitatem
1049 3114 1196 3194 equitum
1222 3118 1255 3176 et
1279 3113 1433 3196 peditum,
1462 3133 1546 3196 quam
1598 3031 1601 3174 l

431 3219 544 3284 solent
570 3215 713 3282 Comites
740 3217 929 3299 supradicti,
954 3225 986 3283 et
1011 3219 1155 3284 volentes
1180 3219 1268 3285 clare
1293 3224 1377 3286 scire
1400 3221 1547 3287 dictorum

435 3325 599 3390 Comitum
616 3331 646 3387 ot
664 3323 834 3389 Beronum
851 3321 1025 3391 Scleuonie
1057 3324 1255 3392 voluntatem
1282 3333 1315 3392 et
1340 3329 1546 3406 intentionem,
1599 3385 1601 3418 r

431 3438 465 3496 et
504 3453 566 3514 que
607 3433 774 3513 quantitas
815 3442 899 3498 esset
940 3436 987 3498 eis
1018 3437 1229 3518 neccessarie,
1269 3443 1302 3501 et
1333 3443 1368 3501 rt
1401 3438 1545 3521 possimus

433 3539 608 3623 superinde
634 3537 797 3604 salubrius
821 3541 990 3606 consulere
1017 3547 1052 3606 et
1077 3541 1270 3625 prouidere,
1297 3545 1381 3609 sicut
1405 3545 1464 3608 erit
1487 3563 1546 3608 nec·
1599 3553 1600 3556 ’

430 3669 528 3729 cesse,
556 3647 748 3713 mandamus
773 3651 819 3712 eis
845 3672 918 3714 cum
943 3652 1066 3714 nostris
1083 3649 1236 3716 Consiliis
1253 3649 1389 3735 Minori,
1412 3651 1543 3734 Rogatu-
1599 3703 1600 3706 ,

430 3777 504 3821 rum
521 3763 554 3822 et
570 3755 646 3838 XL,
671 3755 759 3838 quod
774 3757 880 3821 modis
896 3760 1049 3842 congruis
1066 3765 1097 3824 et
1114 3758 1259 3824 honestis
1275 3759 1414 3825 debeant
1429 3762 1507 3825 sciro
1520 3763 1546 3820 et

431 3866 628 3948 investigare
654 3863 694 3928 ab
722 3865 801 3948 ipsis
828 3863 1012 3930 Comitibus
1037 3873 1069 3930 et
1094 3888 1205 3932 eorum
1233 3868 1390 3957 quolibet,
1422 3865 1545 3952 quodsi
1597 3917 1599 3934 2

431 3975 586 4052 eveniret,
612 3971 735 4036 dictum
753 3971 916 4039 Comitem
933 3971 1116 4058 Neliptinm
1143 3997 1216 4040 cum
1233 3975 1361 4042 Comite
1378 3975 1544 4042 Budislauo
1597 4011 1599 4064 !

433 4085 465 4144 et
481 4079 637 4144 fratribus
654 4081 721 4144 suis
737 4079 845 4146 Paulo
862 4087 895 4147 et
905 4079 1083 4167 Gregorio,
1101 4089 1133 4148 et
1150 4105 1223 4148 cum
1240 4081 1421 4152 Comitibus
1432 4083 1544 4168 Dupno
1597 4079 1599 4160 ἶ

433 4193 464 4251 et
480 4185 641 4252 Bartlrolo
658 4187 841 4252 adinuicem
859 4210 892 4252 se
908 4192 1007 4270 inire,
1025 4197 1059 4255 rt
1076 4199 1183 4256 essent
1200 4199 1314 4258 contra
1330 4191 1463 4276 Regem,
1478 4211 1543 4274 quo

433 4281 497 4360 lem
521 4294 653 4359 modum
678 4303 827 4360 tenerent
852 4296 914 4378 ipsi
942 4318 1053 4362 omnes
1071 4295 1215 4365 Comites
1241 4301 1274 4364 in
1291 4300 1446 4376 faciende,
1470 4295 1543 4383 quod

433 4402 506 4468 Rex
531 4423 596 4465 non
611 4401 745 4484 reniret,
770 4402 822 4468 vel
839 4405 871 4468 in
888 4402 1052 4470 obuiando
1070 4405 1227 4471 aduentui
1244 4428 1311 4492 suo,
1327 4415 1360 4473 et
1378 4408 1470 4491 quale
1487 4425 1541 4468 suc·
1595 4445 1598 4526 Ι

434 4531 562 4580 cursum
579 4517 609 4575 et
628 4510 784 4578 auxilium
801 4513 916 4579 darent
933 4519 966 4579 et
982 4516 1152 4581 mitterent
1166 4538 1227 4602 pro
1242 4523 1338 4603 parte
1355 4541 1420 4604 sua,
1435 4515 1541 4583 scilicet
1595 4531 1598 4572 t
