3170 5234
572 435 665 502 131⁷.
1029 413 1033 421 ’
1122 437 1187 502 aco

3 639 4 660 2
52 613 92 678 tis
108 606 272 692 Pesulani
296 611 465 680 carissimo
490 613 588 681 fratri
613 635 671 682 suo
687 610 852 680 Robertus
869 612 984 682 eadem
1000 615 1111 700 gratia
1126 612 1182 680 Je-

3 767 5 776 ,
51 722 190 788 russlern
206 727 240 786 et
256 720 366 788 Sicilie
381 720 465 804 Rex,
480 723 613 789 honoris
630 730 663 788 ct
677 722 782 807 glorie
799 723 986 788 continuum
1001 725 1181 789 incremen-

50 835 203 894 mentum.
243 827 520 914 Significauerunt
544 838 651 897 vestre
668 831 812 897 fraterne
831 831 951 912 lictere,
968 832 1057 916 quod
1072 838 1179 898 vester

3 931 4 1010 J
49 940 135 1002 tenet
150 957 266 1004 carcer
281 937 442 1003 inclusum
459 938 630 1024 quendam,
646 940 702 1024 qui
718 939 847 1004 domine
858 939 985 1024 Regine
996 941 1111 1006 matris
1121 961 1177 1004 no·

3 1105 4 1110 ,
48 1050 112 1109 stre
135 1044 274 1110 fratrem
299 1045 411 1111 vocari
434 1065 468 1110 se
488 1045 582 1128 facit,
607 1055 641 1112 et
657 1043 828 1112 Andream
845 1047 970 1112 Ducem
996 1047 1178 1131 vulgariter

3 1167 4 1234 f
47 1155 229 1234 nominari;
262 1151 349 1238 quod
365 1151 580 1236 proculdubio
596 1154 745 1220 veritatis
761 1160 853 1219 caret
867 1154 1004 1234 exentia,
1030 1159 1063 1219 et
1078 1153 1179 1220 habet

48 1261 268 1327 omnimodam
283 1259 471 1326 falsitatem.
494 1261 587 1327 Bone
603 1260 735 1345 quidem
750 1263 905 1328 memorie
922 1261 1077 1328 Andreas
1088 1262 1176 1348 Dux,

44 1369 187 1434 eiusdem
203 1369 322 1435 matris
339 1374 451 1434 nostre
466 1389 648 1452 germanus,
664 1370 731 1436 iam
746 1369 883 1452 triginta
898 1371 992 1436 annis
1002 1369 1122 1453 elapsis
1133 1368 1176 1436 ab

3 1459 4 1532 s
44 1474 103 1542 hac
129 1475 194 1542 fuit
218 1477 289 1543 luce
314 1477 472 1560 sublatus,
497 1478 583 1544 sicut
598 1478 632 1542 in
647 1483 719 1543 tota
735 1477 885 1561 Vngaria
901 1485 934 1543 et
949 1479 1024 1563 aliJ's
1041 1480 1175 1543 circum·

3 1581 5 1646 ἓ
42 1585 157 1666 positis
175 1585 364 1668 regionibus
380 1592 428 1652 est
444 1585 584 1669 rudique
600 1585 748 1669 patulum
765 1590 799 1650 et
814 1587 943 1651 notorie
952 1583 1171 1652 manifestum.

3 1713 5 1740 τ
41 1691 180 1775 etpost
198 1698 338 1758 mortem
353 1691 441 1758 clare
458 1693 613 1758 memorie
628 1692 753 1758 domini
769 1691 926 1776 Ladislay
942 1690 1045 1775 Regis
1061 1691 1173 1776 Vnga-

3 1841 5 1898 3
41 1800 93 1880 ric,
109 1799 326 1883 primogeniti
341 1798 456 1865 fratris
474 1799 604 1865 domine
619 1800 737 1864 matris
753 1805 866 1865 nostre
882 1800 949 1864 iarn
965 1798 1061 1882 dicte,
1077 1820 1173 1884 aqua

3 1907 5 1958 ὲ
38 1905 101 1972 iam
117 1907 239 1992 viginti
255 1908 333 1973 anni
350 1905 521 1990 fluxerunt,
546 1907 654 1972 nullus
670 1927 810 1990 unquam
826 1906 1019 1991 comparuit,
1044 1907 1104 1990 qui
1120 1928 1171 1972 cc-

38 2037 107 2080 ram
123 2015 260 2081 domino
277 2015 371 2099 Papa
388 2022 448 2082 aut
461 2014 842 2099 (lardinalibusLegatis
859 2015 928 2080 eins
943 2011 1171 2096 inVngariam

3 2141 5 2216 j
38 2143 91 2205 per
116 2123 254 2189 diuersa
269 2127 420 2206 tempora
439 2122 621 2202 destinatis,
647 2123 697 2188 vel
713 2143 824 2188 coram
840 2122 972 2187 domina
988 2129 1101 2187 nostra
1117 2140 1170 2204 ge·

3 2251 5 2324 f
37 2230 153 2297 nitrice
173 2230 304 2315 prefata
321 2232 361 2296 de
379 2231 467 2297 dicto
477 2229 621 2314 Andros,
637 2239 696 2297 aut
706 2232 773 2296 eius
783 2238 869 2297 statu
880 2251 936 2296 seu
946 2231 1015 2296 uita
1025 2229 1168 2311 aliquam

3 2339 5 2424 i
35 2338 257 2404 comodolibct
272 2338 395 2404 faceret
410 2341 617 2406 mentionem.
641 2340 688 2404 Et
702 2341 780 2426 quia
795 2340 942 2406 veritatis
959 2338 1087 2403 exentia
1101 2335 1167 2420 ple-

3 2429 5 2504 ἶ
36 2467 176 2529 rumque
201 2444 294 2513 falsis
311 2446 400 2530 vulgi
416 2447 621 2531 opinionibus
638 2454 672 2513 ct
688 2448 874 2513 rumoribus
889 2445 1065 2530 fatigatur:
1092 2465 1167 2528 pro-

33 2555 175 2620 vidimus
191 2575 264 2619 cum
280 2552 411 2620 domina
427 2561 530 2620 matre
547 2563 662 2621 nostra
677 2555 833 2640 predicta,
856 2554 946 2640 quod
961 2554 1047 2620 idem
1063 2552 1165 2618 falsus

3 2647 5 2692 f
33 2669 181 2728 assertor
197 2663 231 2727 in
246 2661 318 2728 loco
335 2669 406 2727 tuto
423 2661 544 2728 debeat
560 2662 620 2730 sub
631 2662 697 2729 fida
708 2663 855 2729 custodia
866 2662 1013 2742 detineri,
1030 2657 1165 2726 neforto

32 2769 172 2855 populos
209 2775 267 2834 aut
301 2775 414 2853 gentes
439 2767 587 2852 Vngarie
612 2770 672 2836 sub
697 2769 884 2837 huiusmodi
910 2768 1096 2854 vaniloquio
1121 2766 1166 2832 ad

3 2863 4 2870 ἵ
31 2877 226 2944 scandalum
251 2877 435 2942 concitaret
467 2873 631 2961 Quocirca
657 2877 898 2943 fraternitatem
914 2883 1056 2943 vestram
1071 2873 1165 2940 affec-

31 2991 123 3052 tuose
141 3005 306 3068 rogamus,
333 2991 494 3068 quatenus
519 2983 684 3068 prefatum
700 2983 851 3050 fallacem
867 3005 968 3068 usquc
983 2983 1026 3050 ad
1041 2990 1164 3047 terram

3 3133 4 3136 =
29 3093 158 3160 Montis
173 3091 330 3158 Pesulani
345 3092 527 3176 predictam
544 3093 604 3158 sub
619 3091 695 3176 lida,
711 3093 739 3158 si
755 3093 869 3176 placet,
894 3092 1042 3159 custodia
1057 3098 1163 3156 trans·

29 3202 185 3280 mictatis,
211 3199 442 3283 assignandum
468 3221 528 3284 per
554 3206 667 3283 gentes
694 3204 818 3264 vestras
835 3197 1022 3266 Senescallo
1048 3205 1162 3264 nostro

28 3307 218 3386 Prouincie,
234 3307 284 3372 vel
300 3313 389 3372 certo
406 3329 464 3372 suo
479 3309 607 3392 nuncio,
623 3314 791 3392 presentes
806 3308 897 3373 robis
914 3307 1046 3373 lictores
1062 3305 1162 3391 assig-

27 3419 128 3500 nanti,
155 3413 363 3482 aducendum
388 3413 503 3478 deinde
519 3414 552 3478 in
568 3413 790 3495 Prouinciam,
817 3420 849 3478 et
865 3415 1111 3481 custodiendum
1127 3415 1162 3479 in

3 3563 4 3566 =
27 3523 143 3607 aliquo
169 3527 241 3586 tuto
266 3528 384 3586 castro.
419 3519 539 3586 Grates
556 3519 647 3587 vobis
663 3520 842 3602 referimus,
867 3521 956 3606 quod
972 3523 1005 3586 in
1021 3522 1161 3605 negotijs

25 3631 150 3696 nostris
175 3627 320 3696 fraterne
336 3649 393 3694 vos
409 3629 532 3712 geritis,
558 3637 592 3694 et
608 3651 671 3712 que
687 3630 721 3694 in
737 3636 846 3694 mente
862 3629 985 3712 geritis,
1004 3629 1159 3713 operibus

24 3739 196 3806 exhibetis.
219 3737 344 3802 Datum
359 3736 502 3820 Neapoli
519 3735 658 3804 XXVI.
675 3737 792 3802 Martii
808 3735 887 3804 XV.
904 3736 1105 3802 indictionis.

133 3845 297 3914 Volumus
322 3844 432 3929 igitur,
457 3852 490 3911 et
513 3845 669 3912 fidelitati
695 3853 750 3912 tue
764 3844 968 3928 precipimus,
994 3849 1157 3928 quatenus

24 3956 138 4020 statim
156 3952 298 4037 receptis
313 3955 519 4037 presentibus
536 3953 579 4018 ad
595 3953 720 4019 dictam
735 3959 856 4018 terram
866 3952 991 4018 Montis
1000 3949 1166 4018 Pesulani'

22 4081 95 4127 cum
121 4061 279 4128 comitiua
302 4060 431 4145 ydonee
455 4069 547 4127 tuum
572 4062 746 4144 specialem
762 4066 796 4126 et
811 4059 912 4125 fidum
928 4060 1089 4138 nuncium,
1115 4059 1156 4124 de

21 4191 84 4254 quo
113 4171 160 4235 sit
183 4169 300 4235 merito
326 4169 562 4252 confidendum,
586 4190 740 4253 procures
765 4167 991 4236 transmictere
1008 4172 1155 4250 tempore

18 4278 230 4363 competenti,
254 4277 336 4344 inibi
361 4283 570 4361 recepturum
599 4277 737 4343 eundern
757 4264 959 4342 nominatum
974 4271 1155 4357 Andream,

19 4387 101 4452 etin
117 4384 299 4452 Prouincia
315 4384 592 4471 transducturum,
608 4385 781 4469 ipsumque
797 4383 950 4449 fallacem
967 4382 1027 4449 sub
1044 4389 1153 4449 custo·

18 4493 74 4560 die
90 4493 163 4559 fida
179 4494 351 4562 traducere
368 4494 402 4558 in
418 4500 526 4560 castro
542 4491 740 4576 Castellane,
755 4491 806 4557 vel
821 4491 886 4556 alio
902 4497 1023 4571 castro,
1038 4491 1072 4555 in
1088 4513 1154 4577 quo

17 4600 137 4668 melius
164 4608 197 4665 et
221 4602 325 4667 tutius
349 4599 412 4666 tibi
443 4600 596 4685 expedire
630 4599 804 4681 ridebitur,
837 4598 896 4663 sub
927 4596 997 4664 lida
1022 4603 1056 4663 ct
1080 4599 1156 4666 dili·

61 4736 169 4772 nonum.
185 4735 267 4772 ausc.
285 4736 353 4771 mer.
373 4744 416 4756 -
432 4736 500 4772 ucri
516 4737 576 4772 uxr.
592 4739 612 4774 r.
996 4709 1038 4774 14
