3234 5238
849 191 859 224 Ι

415 317 456 384 14
755 337 993 382 nrenonscznu
1010 311 1180 381 aalma

410 494 586 574 habitatas,
618 517 698 578 quas
730 495 977 561 concredimus
1004 515 1073 560 esse
1107 494 1237 573 multas,
1254 514 1307 558 eas
1337 499 1431 558 taxes
1461 509 1538 554 oum

313 631 315 634 ·
411 602 545 668 consilio
575 610 760 670 nostrornm
789 598 942 682 fidelium,
973 609 1007 667 et
1036 601 1174 668 reducas
1206 603 1240 665 in
1270 601 1440 666 taxatione
1465 595 1542 662 sub-

414 710 576 776 ueutionis
615 711 776 793 presentis
818 711 860 775 ad
902 709 1121 791 quantitatem
1163 700 1400 792 competentem
1445 705 1543 770 iuxta

412 817 586 883 facultates
628 818 850 884 habitatorum
895 819 1050 900 ipsorum.
1092 815 1163 901 Qus
1203 814 1366 899 quomodo
1405 812 1449 880 ab
1493 811 1542 877 eis

415 925 564 1008 recolligi
580 929 727 1008 potuerit
743 934 776 992 et
795 926 917 1006 haberi,
934 925 1177 1009 significaturus
1192 925 1408 990 incontinenti
1423 929 1457 988 et
1471 922 1544 986 sine

416 1051 509 1096 mora
542 1038 612 1097 tam
638 1031 784 1114 Camere,
813 1032 910 1114 quam
953 1032 1074 1098 eisdem
1099 1032 1268 1115 Magistris
1309 1028 1546 1097 Rationalibus

415 1139 535 1202 nostris
553 1143 684 1204 nomina
700 1146 862 1205 terrarum
879 1146 911 1204 et
927 1138 1073 1206 loedrum
1090 1142 1244 1224 ipsorum,
1260 1139 1392 1204 nomina
1408 1143 1443 1202 et
1466 1155 1543 1218 cog-

411 1247 541 1310 nomina
557 1249 730 1314 eorundem
754 1256 976 1333 patronorum,
1001 1253 1035 1314 et
1059 1250 1288 1330 quantitatem,
1313 1267 1412 1328 quam
1437 1245 1542 1309 terris

411 1358 444 1416 et
458 1353 538 1419 locis
555 1355 675 1420 eisdem
691 1359 725 1420 in
752 1356 964 1422 subuentione
988 1358 1135 1446 presenti
1160 1356 1291 1421 duxeris
1307 1351 1541 1438 inponendum.

412 1459 525 1540 Caute,
542 1462 630 1543 quod
647 1465 780 1529 sicutte
796 1485 892 1546 geras
909 1463 1051 1528 fideliter
1075 1462 1108 1526 in
1134 1463 1309 1546 premissis,
1333 1459 1422 1543 quod
1441 1457 1536 1523 aliud

411 1588 470 1648 per
487 1570 584 1634 aliurn
601 1571 716 1636 exinde
732 1572 838 1654 possit
863 1572 1035 1652 alicunque
1052 1577 1198 1652 tempore
1214 1569 1350 1634 inueniri
1364 1593 1371 1647 ;
1388 1587 1406 1631 a
1439 1565 1541 1630 terris

411 1693 550 1757 quoque,
566 1677 593 1740 si
610 1697 690 1758 quas
706 1676 746 1740 de
763 1675 787 1741 J
789 1677 993 1742 ustitiariatu
1010 1683 1067 1742 tuo
1084 1677 1136 1740 bis
1152 1683 1282 1741 taxatas
1308 1675 1343 1739 in
1369 1675 1463 1738 dicta
1490 1692 1541 1734 ce·

412 1780 487 1845 dula
502 1783 674 1865 inueneris,
690 1805 745 1850 eas
761 1789 854 1850 taxes
870 1787 903 1848 in
919 1784 1131 1850 subuentione
1146 1784 1287 1866 presenti
1311 1781 1353 1847 ad
1377 1781 1542 1845 rationem

411 1888 592 1969 predictam
608 1913 668 1973 pro
684 1892 804 1956 maiore
822 1893 1009 1973 quantitate
1022 1891 1166 1974 pecunie,
1182 1892 1216 1955 in
1234 1891 1347 1972 quain
1373 1889 1463 1955 dicta
1489 1907 1541 1950 ce-

412 1994 489 2059 dula
506 2004 581 2061 sunt
596 2004 715 2064 tanate.
734 1998 894 2067 Volumus
926 2005 1077 2081 preterea
1102 2004 1134 2062 et
1162 1998 1363 2076 mandamus,
1388 1999 1480 2078 quod
1513 1998 1541 2062 si
1604 2065 1614 2076 ,

412 2102 499 2167 bona
524 2105 636 2187 aliqua
664 2106 889 2188 predictorum
919 2111 1105 2170 nostrorum
1137 2105 1333 2187 aliquorum,
1364 2104 1543 2170 existentia

411 2210 445 2272 iu
461 2209 625 2291 aliquibus
641 2214 738 2277 terris
756 2218 788 2276 et
804 2213 882 2277 locis
910 2212 1042 2295 dominij
1071 2214 1183 2294 nostri,
1207 2219 1282 2277 sunt
1307 2212 1350 2277 ad
1375 2233 1458 2294 opus
1484 2232 1542 2274 no·

412 2323 477 2380 stre
494 2317 592 2382 Ourie
609 2319 764 2400 infiscata,
781 2320 831 2383 vel
847 2321 1011 2401 aliquibus
1028 2322 1149 2385 nostris
1165 2319 1315 2385 fidelibus
1339 2340 1400 2402 per
1432 2319 1541 2383 Maie-

411 2429 529 2488 statem
555 2425 713 2491 Nostram
742 2449 911 2506 concessa;
937 2428 1155 2509 quantitatem
1186 2428 1329 2510 pecunie,
1356 2445 1418 2508 que
1443 2425 1541 2489 iuxta

409 2538 514 2595 ratam
531 2536 707 2600 taxationis
725 2535 946 2600 subceptionis
963 2536 1114 2618 imposita
1129 2534 1164 2598 in
1179 2536 1276 2601 terris
1302 2533 1423 2600 eisdem
1440 2555 1540 2610 anno,

411 2658 475 2718 quo
491 2641 632 2722 predicti
650 2642 747 2725 officij
776 2651 851 2708 sunt
876 2642 1071 2725 proditores,
1097 2663 1155 2725 pro
1181 2643 1275 2708 bonis
1300 2641 1422 2707 eisdem
1448 2642 1540 2723 ipsos

408 2748 517 2811 taxari
542 2750 717 2831 contigerit
749 2752 783 2814 in
818 2750 1030 2817 subuentione
1064 2751 1216 2832 presenti,
1251 2751 1278 2816 si
1311 2750 1397 2815 bona
1422 2753 1539 2812 tenent

410 2854 540 2921 eadem:
558 2857 598 2920 de
616 2878 740 2921 summa
757 2859 953 2938 quantitatis
970 2856 1166 2939 imponende
1182 2858 1216 2921 in
1225 2857 1382 2940 predictis
1392 2857 1495 2922 terris
1507 2857 1540 2919 iu

410 2961 625 3028 subuentinne
641 2967 790 3048 predicta
806 2965 946 3029 deducas
963 2967 996 3029 in
1022 2967 1120 3030 terris
1147 2965 1277 3044 eisdem,
1309 2970 1342 3029 et
1373 2963 1536 3047 presentis

410 3072 608 3135 auctoritate
625 3072 770 3153 relaxes;
785 3094 856 3137 cum
872 3072 1021 3150 nolimus,
1037 3071 1124 3154 quod
1139 3093 1199 3155 pro
1210 3073 1303 3137 bonis
1313 3071 1538 3154 predictorum

409 3175 622 3256 proditorum,
639 3200 700 3261 que
717 3179 802 3244 sorte
822 3178 924 3244 Curia
948 3184 1062 3242 nostra
1088 3183 1187 3257 tenet,
1213 3178 1263 3242 vel
1290 3177 1451 3244 concessis
1478 3177 1538 3242 ali·

411 3284 529 3362 quibus
546 3305 604 3368 per
620 3286 855 3351 Excellentiam
873 3288 1031 3352 Nostram
1050 3285 1202 3350 fidelibus
1223 3286 1354 3364 nostris,
1369 3291 1537 3351 terrarum
1615 3347 1616 3350 ,

409 3389 550 3472 ipsarum
568 3394 600 3456 in
617 3395 762 3475 presenti
780 3394 991 3458 subuentione
1009 3393 1214 3476 aliquatenus
1239 3392 1447 3475 deputentur.
1464 3391 1539 3475 Sig-

410 3498 601 3564 nificaturus
619 3501 826 3564 nihilominus
843 3501 992 3565 celeriter
1008 3501 1112 3565 eidem
1139 3499 1275 3564 Oamore
1304 3507 1337 3565 et
1361 3501 1538 3582 Magistris
1616 3570 1617 3573 Ἴ

409 3602 640 3672 Rationalibus
656 3611 774 3672 nostris
792 3611 1007 3690 quantitatem
1035 3608 1177 3691 pecunie,
1204 3629 1299 3689 quarn
1326 3609 1358 3671 in
1385 3606 1538 3688 qualibet

408 3719 572 3778 terrarum
588 3724 620 3780 et
637 3716 779 3781 locorum
804 3716 1049 3782 Justitiariatus
1075 3717 1124 3781 tui
1150 3717 1317 3780 occasione
1345 3715 1534 3780 huiusmodi

408 3820 448 3884 de
465 3823 648 3903 quantitate
665 3825 887 3889 subuentionis
911 3823 1071 3906 presentis
1097 3823 1226 3886 duxeris
1251 3822 1474 3903 relaxandum,
1503 3829 1535 3886 et

411 3949 549 4010 quorum
566 3930 697 3995 luerunt
712 3932 798 3997 bona
813 3933 886 4015 ipsa
895 3931 1140 4014 particularitas
1157 3937 1188 3994 et
1205 3929 1365 3995 distincte.
1377 3927 1534 3994 Ceterum

408 4059 480 4103 cum
497 4040 639 4120 velintne,
657 4041 743 4122 quod
761 4040 997 4105 mutuatoribns
1029 4040 1069 4104 de
1095 4039 1232 4122 singulis
1257 4040 1355 4104 terris
1380 4037 1536 4104 Justitis·

408 4145 513 4208 rietus
528 4148 584 4225 tui,
599 4147 750 4212 fidelibus
766 4149 897 4228 nostrie,
915 4147 972 4228 qui
987 4171 1007 4212 a
1022 4167 1131 4211 mense
1157 4144 1360 4228 Septembris
1384 4147 1533 4226 proxime

408 4255 559 4332 preteriti
575 4254 735 4336 presentis
751 4251 852 4320 XIII.
870 4254 1057 4319 indictionis
1074 4254 1143 4334 tibi,
1169 4253 1219 4317 uel
1251 4252 1326 4335 alijs
1349 4272 1410 4334 pro
1436 4261 1534 4335 parte

409 4355 507 4423 Curis
523 4366 632 4424 nostre
647 4364 872 4428 mutuauerint
897 4362 1039 4446 aliquam
1062 4361 1198 4445 pecunie
1223 4359 1451 4442 quantitatem,
1477 4379 1533 4442 pe-

410 4464 505 4528 cunia
522 4465 594 4552 ipsa
609 4467 736 4556 integre
756 4469 876 4535 debeat
901 4469 1048 4534 restitui:
1074 4467 1229 4533 fidelitati
1254 4473 1309 4531 tue
1333 4465 1534 4552 mandamus,
