3170 5234
615 410 707 472 1326.
1156 403 1219 467 243

97 587 144 654 nis
161 611 226 655 sex.
243 588 367 654 Acuuri
384 586 423 653 de
438 585 626 668 Alamania,
657 586 745 670 quod
761 585 894 668 ponitur
910 585 942 648 16
959 585 1108 668 introytu
1123 585 1222 650 vltra-

98 698 254 762 marinum
270 697 380 762 uncias
391 696 531 778 quinque
541 695 575 759 in
589 693 733 776 pondere
744 693 935 758 extimatum
951 694 1059 758 ancias
1076 694 1219 775 quinque

14 863 16 900 ἶ
98 827 155 889 pro
180 805 305 870 tarenis
322 825 387 870 sex.
412 802 582 870 Scrineum
598 824 695 867 vnum
706 800 843 867 rubeum
859 801 1020 866 munitum
1036 800 1075 866 de
1090 801 1222 866 lactono

14 903 15 908 ¹
97 915 287 979 extimarum
302 913 412 979 vnoias
429 919 496 977 tres
513 932 573 995 pro
589 911 683 976 vncia
698 931 760 976 vna
785 917 818 973 et
842 910 964 974 tarenis
990 930 1054 974 sex.
1086 903 1224 972 Oertam

98 1022 320 1103 quantitatem
333 1020 476 1087 balsami
491 1021 525 1085 in
546 1020 633 1084 vasis
650 1018 763 1084 vitreis
780 1016 1031 1102 quatuordecim
1048 1038 1109 1100 pro
1128 1015 1228 1080 unciis

97 1127 209 1193 tribus
226 1128 466 1196 Attacoaturos
482 1128 522 1193 (16
538 1148 619 1194 auro
644 1134 785 1209 quatuor
798 1127 832 1190 in
845 1125 962 1208 quibus
973 1123 1107 1190 fuerunt
1121 1143 1223 1208 ysme-
1344 1170 1353 1180 ,
1396 1138 1399 1145 ·

96 1234 180 1300 raldi
206 1243 348 1318 quatuor
374 1243 407 1301 et
437 1236 527 1319 perle
558 1255 669 1316 grosse
700 1235 856 1299 tredecim
886 1255 946 1317 pro
972 1233 1073 1297 vnciis
1099 1232 1225 1314 viginti.

96 1340 235 1410 Crucem
249 1365 344 1409 ruam
368 1365 504 1428 parram
530 1343 569 1409 de
594 1364 675 1407 auro
701 1363 773 1407 cum
798 1340 964 1425 lapidibus
980 1348 1012 1406 et
1028 1341 1129 1425 perlis
1144 1360 1223 1424 pon·

94 1450 179 1516 deris
204 1453 371 1518 unciarum
387 1473 503 1518 nouem
528 1458 561 1516 et
586 1457 776 1516 tarenorum
799 1449 995 1535 quindecim,
1018 1449 1107 1516 intus
1123 1470 1222 1533 quam

94 1557 156 1623 luit
172 1561 269 1643 spina
285 1559 324 1625 de
351 1582 471 1626 corona
486 1557 631 1638 Domini,
646 1579 707 1642 pro
734 1559 834 1625 unciis
861 1556 1055 1640 quindecim.
1087 1554 1225 1622 Crucem

94 1687 192 1731 snam
208 1689 345 1751 paruam
363 1669 403 1734 de
419 1690 498 1733 auro
515 1688 587 1733 oum
604 1667 695 1750 ligno
712 1665 845 1731 Domini
862 1672 893 1731 et
908 1665 982 1730 aliis
998 1665 1224 1748 6616611616-

93 1773 169 1838 bino
202 1759 643 1858 vn0‚ysmaraldiso1uatuor
674 1779 708 1838 et
732 1773 833 1856 perlis
858 1772 982 1856 grossis
1002 1774 1146 1856 quinque
1165 1791 1224 1855 pro

92 1882 192 1947 vnciis
209 1882 437 1967 quadraginta.
469 1881 556 1948 Item
571 1883 705 1949 Morino
722 1881 929 1946 thesaurario
959 1880 1082 1945 domini
1097 1879 1224 1946 Princi-

92 1991 142 2072 pis
157 1990 296 2076 Achaye
311 2013 370 2076 pro
387 1996 483 2074 parte
508 1991 609 2074 ipsius
631 1990 753 2056 domini
779 1989 941 2072 Principis
973 1989 1111 2054 cultram
1125 2008 1222 2053 mam

92 2119 256 2182 magnam,
272 2097 499 2182 capudlectum
514 2119 620 2178 vnum,
637 2119 709 2162 cum
720 2097 843 2163 dossali
855 2119 929 2180 unc,
945 2103 978 2162 et
993 2097 1138 2162 cortinas
1154 2101 1224 2161 tres

14 2251 16 2260 .
94 2206 134 2270 de
151 2226 260 2289 panno
277 2204 379 2270 serico
394 2205 514 2271 eoloris
539 2205 678 2270 cilestris
705 2227 765 2289 pro
797 2206 900 2270 unciis
916 2204 1033 2288 viginti
1047 2224 1120 2268 vna.
1136 2202 1225 2267 Item

94 2311 199 2378 Petro
216 2305 392 2396 Spataforo
408 2334 469 2396 par
485 2335 581 2378 vnum
599 2311 800 2378 scrineorum
817 2313 858 2378 de
874 2313 964 2396 ligno
979 2312 1073 2377 nucis
1088 2297 1243 2376 ferrato?

93 2441 167 2485 rum
184 2441 247 2504 pro
274 2421 397 2486 tarenis
428 2421 578 2486 sedecim.
608 2420 695 2486 Item
726 2421 857 2487 domino
889 2418 1025 2486 Lofrido
1042 2419 1226 2485 Filmarino

14 2573 15 2578 η
95 2527 220 2592 cassias
236 2527 319 2593 duas
334 2549 471 2610 magnas
488 2528 528 2592 de
544 2529 635 2612 ligno
659 2529 750 2594 nucis
767 2551 839 2594 curn
863 2528 944 2594 seris
969 2533 1003 2592 et
1018 2525 1167 2592 clauibus
1184 2526 1224 2592 de

95 2631 185 2698 ferro
202 2654 265 2717 pro
296 2635 420 2700 tarenis
450 2634 606 2701 undecim.
637 2636 724 2702 Item
753 2634 918 2703 Jacobino
946 2632 1078 2700 Gallico
1093 2634 1225 2700 vallicto

95 2738 320 2806 'l'hesaurario
338 2741 477 2807 cassiam
495 2764 592 2808 unam
616 2765 768 2827 magnam
793 2743 835 2808 de
851 2743 940 2823 liguo
956 2742 1048 2806 nucis
1064 2762 1123 2825 pro
1139 2748 1226 2806 tare·

94 2849 146 2912 nis
163 2849 318 2930 quinque.
335 2847 486 2914 Cassiam
511 2871 607 2915 unam
616 2871 751 2933 paruam
762 2850 802 2914 de
811 2848 902 2934 ligno
920 2849 1010 2913 nucis
1026 2870 1086 2931 pro
1102 2855 1226 2932 septem

95 2955 222 3019 tarenis
238 2960 273 3019 et
287 2955 396 3038 granis
412 2955 532 3022 decem.
558 2957 642 3022 Item
669 2957 878 3024 Johannucio
895 2958 935 3024 de
951 2954 1073 3023 Sancta
1089 2955 1227 3040 Agatha

95 3060 284 3127 catinellam
301 3083 396 3127 ruam
413 3062 454 3127 de
484 3073 621 3146 argento
646 3084 706 3147 pro
738 3046 952 3149 appendendo
978 3066 1085 3148 sigillo
1101 3085 1161 3148 pro
1177 3071 1226 3130 ta·

93 3171 185 3234 renis
202 3174 345 3252 quatuor
360 3176 393 3235 et
409 3173 521 3252 granis
554 3171 672 3237 decem.
697 3173 867 3256 Laqueum
893 3194 989 3238 vnum
1006 3173 1047 3238 de
1063 3172 1165 3237 serico
1183 3172 1227 3237 ad

94 3277 295 3359 cingendum
310 3297 370 3359 pro
386 3279 498 3360 granis
517 3277 709 3362 quindecim.
735 3277 908 3346 Scrineum
926 3303 1023 3345 vnum
1039 3281 1079 3344 de
1095 3280 1226 3345 lactono

92 3405 235 3468 parrum
267 3405 340 3449 cum
371 3384 517 3452 clavellis
548 3393 580 3452 et
611 3388 709 3452 certis
733 3387 871 3471 peciolis
896 3389 1014 3453 modici
1030 3388 1150 3453 valoris
1166 3409 1226 3472 pro

92 3494 222 3557 tarenis
237 3492 354 3558 tribus.
369 3490 542 3559 Scrineum
557 3517 653 3561 vnum
669 3518 804 3580 parvum
831 3518 904 3562 cum
919 3496 1020 3580 peciis
1039 3494 1078 3560 (16
1094 3496 1224 3561 lactono

93 3605 129 3664 et
144 3600 250 3682 peciis
266 3602 493 3685 exemparibus
517 3605 560 3669 ad
591 3605 806 3671 laborandum
832 3604 971 3669 vitriolis
989 3611 1021 3668 ot
1039 3603 1111 3670 aliis
1127 3602 1226 3667 rebus

90 3707 268 3773 inutilibus
284 3729 345 3792 pro
361 3711 485 3776 tarenis
511 3711 688 3777 duodecim.
721 3711 890 3778 Scrineum
921 3735 1018 3780 vnum
1033 3712 1072 3778 de
1088 3717 1224 3796 argento

91 3815 283 3882 laboratum
299 3836 438 3899 paruum
454 3825 486 3882 et
502 3817 696 3884 deauratum
712 3841 772 3904 pro
797 3820 897 3885 unciis
913 3820 1028 3885 tribus,
1060 3818 1226 3902 Ooppolas
1350 3895 1352 3900 Ι

90 3925 295 4008 trigintasex
311 3924 351 3989 de
368 3926 471 3991 serico
487 3946 547 4010 pro
563 3929 703 3994 tarcenis
730 3928 908 3994 duodecim.
925 3928 1061 3994 Librum
1078 3949 1173 3992 vnum
1191 3926 1226 3992 16

91 4029 277 4110 Gallicum,
293 4032 326 4095 in
343 4052 407 4114 quo
424 4035 632 4099 continentur
647 4035 770 4117 gaudia
780 4036 885 4102 Beate
901 4035 1050 4119 Virginis
1066 4041 1099 4101 et
1124 4041 1227 4101 certa-

88 4162 169 4205 rum
202 4139 343 4204 aliarum
370 4140 529 4224 virginum
561 4164 633 4208 cum
664 4145 764 4228 perlis
781 4152 813 4208 et
838 4144 1016 4228 signaculis
1032 4143 1073 4208 de
1089 4151 1227 4226 argento

87 4269 157 4332 pro
167 4247 295 4312 tarenis
306 4249 500 4332 quindecim.
519 4250 657 4316 Librum
667 4275 763 4318 vnum
776 4273 847 4318 oum
859 4251 1061 4318 orationibus
1072 4251 1228 4335 incipien-

87 4363 162 4421 tem
186 4353 387 4421 »Benedicta
404 4358 447 4421 sit
463 4354 588 4423 Sancta
621 4357 787 4426 Trinitas«
807 4381 866 4443 pro
892 4359 1016 4424 tarenis
1034 4359 1228 4442 quindecim.

86 4463 205 4530 Arem
221 4483 318 4527 ruam
333 4462 374 4527 de
390 4463 480 4548 ligno
495 4463 620 4532 factam
644 4468 685 4531 ad
718 4469 851 4534 modum
866 4467 1021 4533 mallardi
1037 4488 1098 4550 pro
1114 4475 1228 4533 tarano

85 4591 166 4637 vno.
186 4568 255 4633 Par
280 4593 375 4636 vnum
407 4572 447 4637 de
480 4573 616 4640 scrineis
641 4577 786 4658 vayratis
816 4577 980 4642 veteribus
1010 4595 1073 4657 pro
1103 4575 1228 4640 tarenis

1063 4683 1122 4752 16*
1163 4734 1164 4740 1
