3222 5240
633 279 725 342 1329.
1181 280 1248 346 279

119 457 219 522 tercio
245 455 365 522 mensis
391 455 544 522 danuarii
570 453 737 540 antedicti,
763 461 796 520 et
823 456 944 538 scripto
971 477 1068 523 mauu
1085 457 1247 524 Johannis

116 559 295 629 Lombardi
319 561 398 628 dicti
414 561 597 630 Calderarii
615 560 755 640 Notarii,
781 584 819 626 ac
845 563 934 627 bulla
960 563 1112 647 plumbea
1140 567 1242 650 ipsius

116 669 237 735 domini
255 668 358 735 Ducis
374 669 531 754 pendenti
547 673 684 752 munito,
700 668 742 733 ad
758 671 819 734 hoc
836 671 1023 754 specialiter
1039 675 1243 756 constitutus,

116 779 206 844 cuius
222 777 401 842 sindicatus
417 783 511 842 tenor
527 776 661 840 inferius
678 776 762 840 inest
771 778 923 858 insertus,
940 777 1116 844 sindicerio
1127 788 1160 845 et
1171 801 1244 864 pro·

117 887 283 950 curatorio
311 887 440 951 nomine
456 885 556 969 ipsius
573 883 694 950 doruini
710 883 812 950 Ducis
829 894 862 951 et
879 886 1069 952 Communis
1086 886 1245 954 Venecia-

116 1015 206 1074 rum;
223 1015 262 1059 ac
272 992 412 1077 predicti
421 992 541 1058 Petrus
553 990 688 1058 condam
701 991 885 1076 Michaelis,
900 991 924 1058 J
925 993 1045 1059 acobus
1057 993 1158 1076 Petri,
1171 993 1242 1061 Sla-

116 1107 273 1185 uogostus
297 1100 460 1167 Johannis
486 1106 518 1166 et
534 1099 558 1165 J
561 1101 682 1165 acobus
707 1098 847 1181 Nicolai,
874 1099 989 1164 sindici
1015 1106 1047 1166 et
1072 1100 1247 1166 sindicario

116 1209 248 1274 nomine
275 1209 439 1291 Ciuitatis,
462 1208 722 1290 CommuuitatiS,
748 1205 941 1288 Comitatus,
961 1207 1196 1276 Vniuersitatis
1214 1213 1247 1274 et

116 1315 287 1381 hominum
303 1315 408 1398 Neue,
436 1315 608 1381 attendere
634 1319 667 1378 et
693 1315 866 1379 obseruare
892 1320 924 1379 et
940 1315 1126 1400 adimplere,
1152 1337 1191 1381 ac
1208 1337 1247 1383 sa

117 1425 227 1489 omnia
244 1428 402 1507 perpetuo
419 1428 494 1488 rata
504 1427 538 1486 et
547 1425 646 1504 grata
655 1421 784 1503 habere,
801 1426 834 1486 et
845 1423 933 1486 nullo
944 1443 1087 1505 unquam
1098 1430 1246 1505 tempore

115 1529 228 1614 aliquo
255 1530 350 1595 modo
370 1529 420 1595 rel
437 1530 566 1613 ingenio
584 1527 807 1594 contrafacere
824 1528 873 1592 vel
889 1530 999 1592 venire
1017 1530 1176 1614 solempni
1191 1531 1247 1595 sti·

114 1638 289 1722 pulaeione
306 1638 367 1703 sibi
385 1637 522 1701 inuicem
538 1636 767 1719 promiserunt,
793 1634 853 1700 sub
870 1655 954 1718 pena
972 1643 1004 1699 et
1020 1637 1053 1700 in
1068 1655 1155 1720 pena
1170 1637 1247 1702 hinc

115 1744 190 1810 inde
215 1745 377 1828 promissa
403 1744 513 1808 decem
539 1741 676 1807 millium
693 1741 899 1808 marcharum
916 1745 1055 1826 argenti,
1082 1765 1145 1827 que
1161 1765 1247 1827 pena

115 1852 242 1918 tociens
268 1853 497 1930 committatur,
530 1849 683 1934 quociens
709 1845 806 1915 fuerit
832 1849 1079 1933 contrafactum,
1105 1857 1136 1917 et
1161 1871 1248 1936 pena

116 1959 228 2024 soluta
244 1960 295 2024 rel
310 1980 383 2039 non,
400 1963 515 2023 exacta
533 1957 584 2022 rel
600 1978 664 2022 non
682 1965 806 2040 exacta,
823 1959 932 2023 omnia
949 1964 982 2024 et
992 1958 1121 2043 singula
1132 1981 1246 2043 supra·

116 2065 205 2134 dicta
221 2069 255 2132 in
272 2087 330 2134 sua
345 2073 558 2150 permaneant
571 2065 732 2130 firmitate.

225 2176 292 2240 Pro
309 2176 426 2259 quibus
443 2174 592 2239 omnibus
610 2174 824 2256 attendendis,
842 2173 1057 2257 adimplendis
1067 2179 1101 2240 et
1113 2174 1246 2241 inviola-

114 2284 227 2351 biliter
253 2283 464 2348 obseruandis
488 2281 636 2366 prelatus
652 2280 821 2362 Nicolaus,
847 2281 990 2347 sindicus
1007 2281 1128 2347 domini
1144 2282 1246 2350 Ducis

114 2398 148 2456 et
166 2390 355 2458 Communis
367 2391 586 2460 Veneciarum
603 2390 778 2455 sindicario
795 2391 923 2455 nomine
940 2411 1000 2473 pro
1017 2391 1095 2473 ipsis
1112 2390 1242 2456 domino

114 2498 209 2564 Duce
226 2504 258 2563 et
273 2497 445 2564 Communi
461 2497 690 2580 Veneciarum,
706 2499 794 2563 bona
810 2498 919 2563 omnia
936 2495 1125 2563 Communis
1141 2494 1247 2566 Vene-

116 2607 249 2686 ciarum,
266 2612 299 2670 et
315 2605 394 2671 dicti
410 2605 530 2671 Petrus
548 2603 685 2670 condam
695 2603 878 2686 Michaelis,
896 2604 920 2671 J
922 2604 1043 2670 acolius
1054 2605 1155 2686 Petri,
1173 2602 1243 2671 Sla-

114 2719 272 2798 uogostus
282 2712 307 2777 J
308 2715 443 2781 ohannis
461 2711 801 2794 etJacobusNicolai,
818 2713 935 2779 sindici
952 2712 1142 2798 supradicti,
1159 2715 1245 2781 bona

116 2822 226 2886 omnia
236 2817 424 2887 Communis
441 2827 474 2888 et
489 2822 655 2886 hominum
665 2818 699 2885 N
701 2842 770 2904 one,
786 2820 848 2904 ipsi
865 2820 991 2885 sindico
1009 2819 1132 2885 domiui
1142 2818 1247 2886 Ducis

115 2927 293 2994 sindicario
318 2929 447 2993 nomine
463 2948 522 3011 pro
540 2927 669 2992 domine
685 2929 778 2994 Duce
794 2933 825 2992 et
843 2923 1012 2991 Communi
1029 2925 1248 3016 Veneciarum

113 3036 284 3119 recipienti
301 3036 434 3119 speciali
450 3036 581 3120 pignori
598 3033 794 3119 obligarunt,
811 3054 872 3118 que
890 3055 924 3100 se
941 3035 1182 3098 constituerunt
1199 3036 1247 3100 in.

113 3146 219 3210 uicem
236 3145 386 3227 precario
402 3143 577 3227 possidere,
594 3145 642 3208 ita
658 3149 692 3208 rt
708 3163 784 3226 pars
801 3140 972 3207 attendens
981 3139 1131 3224 predicta
1140 3142 1246 3224 partis

114 3274 182 3318 non
207 3251 409 3317 attendentis
435 3251 519 3318 bona
535 3257 567 3315 et
583 3271 740 3335 personas
756 3250 860 3333 possit
876 3250 944 3314 sine
961 3248 1098 3314 alicuius
1114 3247 1139 3313 J
1141 3247 1243 3314 udicis

114 3358 343 3443 requisicione,
369 3379 429 3424 sua
453 3359 589 3442 propria
614 3357 818 3437 auctoritate,
854 3356 957 3422 sasire
983 3361 1016 3419 et
1041 3355 1187 3422 detinere
1214 3363 1247 3424 et

114 3475 262 3534 arestare
273 3487 332 3549 pro
343 3487 435 3550 pena,
447 3465 582 3548 damnis,
594 3469 759 3544 interesse,
776 3471 809 3528 et
820 3465 967 3547 expensis
979 3469 1012 3527 et
1022 3463 1246 3532 satisfactione

111 3575 261 3660 plenaria
286 3575 428 3640 omnium
443 3574 693 3657 premissorum,
716 3572 947 3655 promittentes
964 3570 1050 3637 dicte
1066 3579 1179 3655 partes
1196 3573 1243 3636 in·

112 3684 217 3748 uicem
234 3679 453 3748 Veneciarum
470 3688 503 3746 et
518 3683 613 3750 None
632 3687 666 3745 et
681 3680 799 3763 ubique
815 3679 964 3744 locorum
980 3677 1116 3761 soluere,
1143 3700 1182 3743 ac
1198 3701 1247 3744 re-

111 3789 307 3856 nunciantes
332 3791 515 3872 exceptioni
542 3787 609 3852 doli
635 3787 720 3870 mali,
746 3793 780 3852 et
795 3787 828 3850 iu
845 3786 968 3851 factum
985 3783 1178 3867 decepcioni‚
1206 3785 1246 3848 si-

109 3897 273 3967 mulacion
277 3911 301 3980 1¹,
318 3897 482 3981 beneficio,
493 3896 695 3964 restitutioni
705 3896 738 3958 in
748 3896 919 3978 integrum,
928 3894 1047 3958 litteris
1058 3891 1244 3974 impetratis

110 4015 145 4074 et
162 4006 386 4091 impetrandis,
412 4005 501 4071 feriis
527 4010 560 4070 et
575 4002 798 4082 dilacionibua
824 4008 857 4067 et
873 4001 1069 4084 generaliter
1086 4001 1173 4065 omni
1189 4022 1246 4066 au·

110 4116 191 4182 xilio
209 4117 288 4183 iuris
305 4115 354 4183 vel
371 4115 458 4197 facti,
486 4135 550 4198 quo
568 4119 684 4178 contra
700 4111 848 4197 predicta
863 4111 913 4176 vel
929 4110 1064 4193 aliquod
1080 4107 1241 4194 predicto-

110 4247 184 4291 rum
201 4229 336 4308 possent
352 4225 469 4304 dicere,
486 4222 592 4288 faoere
610 4222 662 4285 vel
677 4221 794 4286 venire.

204 4331 269 4417 Qui
278 4333 398 4398 Petrus
410 4331 547 4398 condam
557 4329 741 4411 Michaelis,
750 4329 775 4396 J
777 4327 898 4393 ecobus
910 4325 1013 4407 Petri,
1025 4325 1241 4408 Slauogcstus

109 4443 134 4511 J
136 4441 274 4506 ohannis
291 4449 322 4505 et
338 4441 363 4508 J
364 4440 485 4507 acubus
503 4441 640 4522 Nicolai,
666 4437 761 4504 None
778 4435 893 4501 sindiei
910 4435 1096 4518 supradicti,
1121 4434 1242 4502 ibidem
