<?xml version="1.0" encoding="UTF-8"?>
<!DOCTYPE html PUBLIC "-//W3C//DTD XHTML 1.0 Transitional//EN"
    "http://www.w3.org/TR/xhtml1/DTD/xhtml1-transitional.dtd">
<html xmlns="http://www.w3.org/1999/xhtml" xml:lang="en" lang="en">
 <head>
  <title>
</title>
<meta http-equiv="Content-Type" content="text/html;charset=utf-8" />
  <meta name='ocr-system' content='tesseract 3.04.00' />
  <meta name='ocr-capabilities' content='ocr_page ocr_carea ocr_par ocr_line ocrx_word'/>
</head>
<body>
  <div class='ocr_page' id='page_1' title='image "./magyardiplomacz02wenzgoog_0236.png"; bbox 0 0 3170 5234; ppageno 0'>
   <div class='ocr_carea' id='block_1_1' title="bbox 719 210 1137 278">
    <p class='ocr_par' dir='ltr' id='par_1_1' title="bbox 719 210 1137 278">
     <span class='ocr_line' id='line_1_1' title="bbox 719 210 1137 278; baseline 0.002 -7"><span class='ocrx_word' id='word_1_1' title='bbox 719 223 954 278; x_wconf 79' lang='lat' dir='ltr'><strong>arnnounczmr</strong></span> <span class='ocrx_word' id='word_1_2' title='bbox 970 210 1137 272; x_wconf 78' lang='lat' dir='ltr'><strong>autimas.</strong></span> 
     </span>
    </p>
   </div>
   <div class='ocr_carea' id='block_1_2' title="bbox 892 477 964 540">
    <p class='ocr_par' dir='ltr' id='par_1_2' title="bbox 892 477 964 540">
     <span class='ocr_line' id='line_1_2' title="bbox 892 477 964 540; baseline -0.042 0"><span class='ocrx_word' id='word_1_3' title='bbox 892 477 964 540; x_wconf 75' lang='lat'>257.</span> 
     </span>
    </p>
   </div>
   <div class='ocr_carea' id='block_1_3' title="bbox 365 635 1474 830">
    <p class='ocr_par' dir='ltr' id='par_1_3' title="bbox 365 635 1474 830">
     <span class='ocr_line' id='line_1_3' title="bbox 365 635 1474 728; baseline -0.011 -20"><span class='ocrx_word' id='word_1_4' title='bbox 365 641 430 708; x_wconf 85' lang='lat' dir='ltr'><strong>Po&#39;l</strong></span> <span class='ocrx_word' id='word_1_5' title='bbox 445 640 524 728; x_wconf 71' lang='lat' dir='ltr'><strong>prdf</strong></span> <span class='ocrx_word' id='word_1_6' title='bbox 550 639 686 704; x_wconf 73' lang='lat' dir='ltr'><strong>culcitrae</strong></span> <span class='ocrx_word' id='word_1_7' title='bbox 697 637 887 724; x_wconf 72' lang='lat' dir='ltr'><strong>polpctrirnlc</strong></span> <span class='ocrx_word' id='word_1_8' title='bbox 904 637 1105 723; x_wconf 70' lang='lat' dir='ltr'><strong>feteu&#39;telorin,</strong></span> <span class='ocrx_word' id='word_1_9' title='bbox 1130 638 1257 723; x_wconf 77' lang='lat' dir='ltr'><strong>httec&#39;pet</strong></span> <span class='ocrx_word' id='word_1_10' title='bbox 1280 635 1383 723; x_wconf 80' lang='lat' dir='ltr'><strong>fopod</strong></span> <span class='ocrx_word' id='word_1_11' title='bbox 1397 657 1415 697; x_wconf 87' lang='lat' dir='ltr'><strong>a</strong></span> <span class='ocrx_word' id='word_1_12' title='bbox 1429 655 1474 696; x_wconf 82' lang='lat' dir='ltr'><strong>ce·</strong></span> 
     </span>
     <span class='ocr_line' id='line_1_4' title="bbox 648 745 1188 830; baseline -0.011 -19"><span class='ocrx_word' id='word_1_13' title='bbox 648 747 768 811; x_wconf 77' lang='lat' dir='ltr'><strong>lertczeu’</strong></span> <span class='ocrx_word' id='word_1_14' title='bbox 784 745 1072 830; x_wconf 67' lang='lat' dir='ltr'><strong>ledztdreasdpnnl‘.</strong></span> <span class='ocrx_word' id='word_1_15' title='bbox 1094 746 1188 811; x_wconf 72' lang='lat'><strong><em>1314.</em></strong></span> 
     </span>
    </p>
   </div>
   <div class='ocr_carea' id='block_1_4' title="bbox 330 915 1508 4464">
    <p class='ocr_par' dir='ltr' id='par_1_4' title="bbox 366 915 1486 1332">
     <span class='ocr_line' id='line_1_5' title="bbox 474 915 1480 1008; baseline -0.009 -16"><span class='ocrx_word' id='word_1_16' title='bbox 474 925 605 1008; x_wconf 86' lang='lat' dir='ltr'><strong>Paulus,</strong></span> <span class='ocrx_word' id='word_1_17' title='bbox 620 924 792 1007; x_wconf 78' lang='lat' dir='ltr'><strong>llagnifici</strong></span> <span class='ocrx_word' id='word_1_18' title='bbox 809 925 871 990; x_wconf 85' lang='lat' dir='ltr'><strong>riri</strong></span> <span class='ocrx_word' id='word_1_19' title='bbox 887 924 1010 989; x_wconf 90' lang='lat' dir='ltr'><strong>domini</strong></span> <span class='ocrx_word' id='word_1_20' title='bbox 1021 923 1118 988; x_wconf 88' lang='lat' dir='ltr'><strong>Pauli</strong></span> <span class='ocrx_word' id='word_1_21' title='bbox 1134 923 1218 989; x_wconf 88' lang='lat' dir='ltr'><strong>bone</strong></span> <span class='ocrx_word' id='word_1_22' title='bbox 1228 921 1380 988; x_wconf 86' lang='lat' dir='ltr'><strong>memorio</strong></span> <span class='ocrx_word' id='word_1_23' title='bbox 1391 915 1480 984; x_wconf 82' lang='lat' dir='ltr'><strong>Croe-</strong></span> 
     </span>
     <span class='ocr_line' id='line_1_6' title="bbox 366 1026 1481 1114; baseline -0.012 -12"><span class='ocrx_word' id='word_1_24' title='bbox 366 1042 477 1102; x_wconf 79' lang='lat' dir='ltr'><strong>tor-mn</strong></span> <span class='ocrx_word' id='word_1_25' title='bbox 493 1034 580 1098; x_wconf 89' lang='lat' dir='ltr'><strong>Baui</strong></span> <span class='ocrx_word' id='word_1_26' title='bbox 596 1033 690 1111; x_wconf 90' lang='lat' dir='ltr'><strong>filius,</strong></span> <span class='ocrx_word' id='word_1_27' title='bbox 707 1030 826 1098; x_wconf 83' lang='lat' dir='ltr'><strong>Comes</strong></span> <span class='ocrx_word' id='word_1_28' title='bbox 842 1029 997 1096; x_wconf 84' lang='lat' dir='ltr'><strong>Ciuitatis</strong></span> <span class='ocrx_word' id='word_1_29' title='bbox 1014 1030 1180 1114; x_wconf 84' lang='lat' dir='ltr'><strong>Tragurii,</strong></span> <span class='ocrx_word' id='word_1_30' title='bbox 1197 1028 1300 1094; x_wconf 90' lang='lat' dir='ltr'><strong>nobili</strong></span> <span class='ocrx_word' id='word_1_31' title='bbox 1331 1026 1481 1104; x_wconf 88' lang='lat' dir='ltr'><strong>Saraceno</strong></span> 
     </span>
     <span class='ocr_line' id='line_1_7' title="bbox 369 1136 1483 1226; baseline -0.011 -17"><span class='ocrx_word' id='word_1_32' title='bbox 369 1143 447 1226; x_wconf 62' lang='lat' dir='ltr'><strong>olim</strong></span> <span class='ocrx_word' id='word_1_33' title='bbox 479 1141 602 1208; x_wconf 90' lang='lat' dir='ltr'><strong>domini</strong></span> <span class='ocrx_word' id='word_1_34' title='bbox 632 1141 716 1224; x_wconf 85' lang='lat' dir='ltr'><strong>Elye</strong></span> <span class='ocrx_word' id='word_1_35' title='bbox 733 1142 773 1205; x_wconf 89' lang='lat' dir='ltr'><strong>de</strong></span> <span class='ocrx_word' id='word_1_36' title='bbox 798 1139 943 1206; x_wconf 87' lang='lat' dir='ltr'><strong>Sibinioo</strong></span> <span class='ocrx_word' id='word_1_37' title='bbox 970 1160 1027 1204; x_wconf 90' lang='lat' dir='ltr'><strong>suo</strong></span> <span class='ocrx_word' id='word_1_38' title='bbox 1051 1137 1141 1203; x_wconf 90' lang='lat' dir='ltr'><strong>fideli</strong></span> <span class='ocrx_word' id='word_1_39' title='bbox 1168 1137 1286 1202; x_wconf 90' lang='lat' dir='ltr'><strong>dilecto</strong></span> <span class='ocrx_word' id='word_1_40' title='bbox 1313 1136 1483 1201; x_wconf 77' lang='lat' dir='ltr'><strong>salutemet</strong></span> 
     </span>
     <span class='ocr_line' id='line_1_8' title="bbox 370 1242 1486 1332; baseline -0.01 -16"><span class='ocrx_word' id='word_1_41' title='bbox 370 1251 587 1316; x_wconf 89' lang='lat' dir='ltr'><strong>dilectionem.</strong></span> <span class='ocrx_word' id='word_1_42' title='bbox 619 1248 867 1332; x_wconf 89' lang='lat' dir='ltr'><strong>Comperientes</strong></span> <span class='ocrx_word' id='word_1_43' title='bbox 899 1249 933 1312; x_wconf 94' lang='lat' dir='ltr'><strong>in</strong></span> <span class='ocrx_word' id='word_1_44' title='bbox 964 1248 1057 1330; x_wconf 87' lang='lat' dir='ltr'><strong>cujus</strong></span> <span class='ocrx_word' id='word_1_45' title='bbox 1103 1283 1146 1294; x_wconf 90' lang='lat'><strong>--</strong></span> <span class='ocrx_word' id='word_1_46' title='bbox 1194 1282 1237 1292; x_wconf 90' lang='lat'>—</span> <span class='ocrx_word' id='word_1_47' title='bbox 1284 1279 1327 1294; x_wconf 93' lang='lat'><strong>·-</strong></span> <span class='ocrx_word' id='word_1_48' title='bbox 1370 1242 1486 1310; x_wconf 89' lang='lat' dir='ltr'><strong>fideiet</strong></span> 
     </span>
    </p>

    <p class='ocr_par' dir='ltr' id='par_1_5' title="bbox 330 1341 1508 4464">
     <span class='ocr_line' id='line_1_9' title="bbox 330 1341 1486 1440; baseline -0.007 -19"><span class='ocrx_word' id='word_1_49' title='bbox 330 1341 334 1346; x_wconf 38' lang='lat'>¹</span> <span class='ocrx_word' id='word_1_50' title='bbox 372 1357 553 1424; x_wconf 76' lang='lat' dir='ltr'><strong>clevotionis</strong></span> <span class='ocrx_word' id='word_1_51' title='bbox 570 1355 796 1436; x_wconf 75' lang='lat' dir='ltr'><strong>stabilitatem,</strong></span> <span class='ocrx_word' id='word_1_52' title='bbox 813 1377 911 1440; x_wconf 87' lang='lat' dir='ltr'><strong>quam</strong></span> <span class='ocrx_word' id='word_1_53' title='bbox 927 1356 1011 1438; x_wconf 81' lang='lat' dir='ltr'><strong>geris</strong></span> <span class='ocrx_word' id='word_1_54' title='bbox 1027 1375 1108 1438; x_wconf 83' lang='lat' dir='ltr'><strong>erga</strong></span> <span class='ocrx_word' id='word_1_55' title='bbox 1133 1352 1299 1418; x_wconf 89' lang='lat' dir='ltr'><strong>dominum</strong></span> <span class='ocrx_word' id='word_1_56' title='bbox 1316 1356 1349 1415; x_wconf 89' lang='lat' dir='ltr'><strong>et</strong></span> <span class='ocrx_word' id='word_1_57' title='bbox 1363 1350 1486 1415; x_wconf 85' lang='lat' dir='ltr'><strong>fratrem</strong></span> 
     </span>
     <span class='ocr_line' id='line_1_10' title="bbox 375 1459 1487 1532; baseline -0.007 -2"><span class='ocrx_word' id='word_1_58' title='bbox 375 1471 521 1532; x_wconf 85' lang='lat' dir='ltr'><strong>nostrum</strong></span> <span class='ocrx_word' id='word_1_59' title='bbox 547 1463 712 1529; x_wconf 88' lang='lat' dir='ltr'><strong>dominum</strong></span> <span class='ocrx_word' id='word_1_60' title='bbox 737 1463 922 1528; x_wconf 89' lang='lat' dir='ltr'><strong>Mladinum</strong></span> <span class='ocrx_word' id='word_1_61' title='bbox 947 1462 1116 1527; x_wconf 90' lang='lat' dir='ltr'><strong>Illustrem</strong></span> <span class='ocrx_word' id='word_1_62' title='bbox 1142 1459 1339 1526; x_wconf 83' lang='lat' dir='ltr'><strong>Croatorum</strong></span> <span class='ocrx_word' id='word_1_63' title='bbox 1369 1459 1487 1524; x_wconf 80' lang='lat' dir='ltr'><strong>Bonum</strong></span> 
     </span>
     <span class='ocr_line' id='line_1_11' title="bbox 375 1562 1489 1652; baseline -0.007 -14"><span class='ocrx_word' id='word_1_64' title='bbox 375 1579 407 1638; x_wconf 89' lang='lat' dir='ltr'><strong>et</strong></span> <span class='ocrx_word' id='word_1_65' title='bbox 422 1593 481 1637; x_wconf 92' lang='lat' dir='ltr'><strong>nos</strong></span> <span class='ocrx_word' id='word_1_66' title='bbox 497 1573 596 1637; x_wconf 87' lang='lat' dir='ltr'><strong>etiam</strong></span> <span class='ocrx_word' id='word_1_67' title='bbox 612 1591 650 1636; x_wconf 90' lang='lat' dir='ltr'><strong>ac</strong></span> <span class='ocrx_word' id='word_1_68' title='bbox 667 1592 777 1636; x_wconf 88' lang='lat' dir='ltr'><strong>omnes</strong></span> <span class='ocrx_word' id='word_1_69' title='bbox 793 1562 922 1637; x_wconf 85' lang='lat' dir='ltr'><strong>nostros</strong></span> <span class='ocrx_word' id='word_1_70' title='bbox 938 1570 1058 1636; x_wconf 86' lang='lat' dir='ltr'><strong>fratres</strong></span> <span class='ocrx_word' id='word_1_71' title='bbox 1084 1575 1118 1634; x_wconf 88' lang='lat' dir='ltr'><strong>et</strong></span> <span class='ocrx_word' id='word_1_72' title='bbox 1149 1573 1328 1652; x_wconf 75' lang='lat' dir='ltr'><strong>sperantes,</strong></span> <span class='ocrx_word' id='word_1_73' title='bbox 1345 1566 1425 1650; x_wconf 90' lang='lat' dir='ltr'><strong>quod</strong></span> <span class='ocrx_word' id='word_1_74' title='bbox 1439 1587 1489 1630; x_wconf 92' lang='lat' dir='ltr'><strong>no·</strong></span> 
     </span>
     <span class='ocr_line' id='line_1_12' title="bbox 375 1671 1491 1761; baseline -0.008 -16"><span class='ocrx_word' id='word_1_75' title='bbox 375 1687 444 1746; x_wconf 88' lang='lat' dir='ltr'><strong>stra</strong></span> <span class='ocrx_word' id='word_1_76' title='bbox 475 1679 536 1744; x_wconf 92' lang='lat' dir='ltr'><strong>tibi</strong></span> <span class='ocrx_word' id='word_1_77' title='bbox 567 1679 739 1744; x_wconf 88' lang='lat' dir='ltr'><strong>commissa</strong></span> <span class='ocrx_word' id='word_1_78' title='bbox 762 1681 896 1761; x_wconf 87' lang='lat' dir='ltr'><strong>negotia</strong></span> <span class='ocrx_word' id='word_1_79' title='bbox 937 1677 1115 1743; x_wconf 85' lang='lat' dir='ltr'><strong>efficaciter</strong></span> <span class='ocrx_word' id='word_1_80' title='bbox 1140 1675 1330 1759; x_wconf 82' lang='lat' dir='ltr'><strong>exequaris3</strong></span> <span class='ocrx_word' id='word_1_81' title='bbox 1378 1671 1434 1738; x_wconf 91' lang='lat' dir='ltr'><strong>tibi</strong></span> <span class='ocrx_word' id='word_1_82' title='bbox 1450 1671 1491 1736; x_wconf 86' lang='lat' dir='ltr'><strong>ad</strong></span> 
     </span>
     <span class='ocr_line' id='line_1_13' title="bbox 376 1782 1492 1870; baseline -0.007 -18"><span class='ocrx_word' id='word_1_83' title='bbox 376 1786 498 1852; x_wconf 90' lang='lat' dir='ltr'><strong>domini</strong></span> <span class='ocrx_word' id='word_1_84' title='bbox 527 1785 631 1851; x_wconf 89' lang='lat' dir='ltr'><strong>Ducis</strong></span> <span class='ocrx_word' id='word_1_85' title='bbox 662 1787 859 1870; x_wconf 79' lang='lat' dir='ltr'><strong>presentiam</strong></span> <span class='ocrx_word' id='word_1_86' title='bbox 876 1791 908 1851; x_wconf 93' lang='lat' dir='ltr'><strong>et</strong></span> <span class='ocrx_word' id='word_1_87' title='bbox 925 1785 1111 1852; x_wconf 90' lang='lat' dir='ltr'><strong>Communis</strong></span> <span class='ocrx_word' id='word_1_88' title='bbox 1127 1782 1343 1850; x_wconf 88' lang='lat' dir='ltr'><strong>Venetiarnm</strong></span> <span class='ocrx_word' id='word_1_89' title='bbox 1359 1787 1492 1864; x_wconf 81' lang='lat' dir='ltr'><strong>exparte</strong></span> 
     </span>
     <span class='ocr_line' id='line_1_14' title="bbox 374 1890 1492 1978; baseline -0.005 -18"><span class='ocrx_word' id='word_1_90' title='bbox 374 1896 479 1978; x_wconf 86' lang='lat' dir='ltr'><strong>ipsius</strong></span> <span class='ocrx_word' id='word_1_91' title='bbox 505 1894 627 1960; x_wconf 90' lang='lat' dir='ltr'><strong>domini</strong></span> <span class='ocrx_word' id='word_1_92' title='bbox 645 1895 730 1962; x_wconf 80' lang='lat' dir='ltr'><strong>Boni</strong></span> <span class='ocrx_word' id='word_1_93' title='bbox 756 1900 789 1959; x_wconf 89' lang='lat' dir='ltr'><strong>et</strong></span> <span class='ocrx_word' id='word_1_94' title='bbox 814 1901 927 1959; x_wconf 86' lang='lat' dir='ltr'><strong>nostra</strong></span> <span class='ocrx_word' id='word_1_95' title='bbox 951 1893 1167 1977; x_wconf 86' lang='lat' dir='ltr'><strong>personaliter</strong></span> <span class='ocrx_word' id='word_1_96' title='bbox 1198 1890 1365 1958; x_wconf 80' lang='lat' dir='ltr'><strong>accedenti</strong></span> <span class='ocrx_word' id='word_1_97' title='bbox 1388 1894 1492 1978; x_wconf 88' lang='lat' dir='ltr'><strong>tenore</strong></span> 
     </span>
     <span class='ocr_line' id='line_1_15' title="bbox 376 2000 1493 2089; baseline -0.011 -19"><span class='ocrx_word' id='word_1_98' title='bbox 376 2005 577 2089; x_wconf 89' lang='lat' dir='ltr'><strong>presentium</strong></span> <span class='ocrx_word' id='word_1_99' title='bbox 613 2005 844 2069; x_wconf 79' lang='lat' dir='ltr'><strong>committimus</strong></span> <span class='ocrx_word' id='word_1_100' title='bbox 868 2012 902 2070; x_wconf 91' lang='lat' dir='ltr'><strong>et</strong></span> <span class='ocrx_word' id='word_1_101' title='bbox 916 2005 1077 2086; x_wconf 85' lang='lat' dir='ltr'><strong>largimur</strong></span> <span class='ocrx_word' id='word_1_102' title='bbox 1101 2000 1246 2086; x_wconf 88' lang='lat' dir='ltr'><strong>plenarie</strong></span> <span class='ocrx_word' id='word_1_103' title='bbox 1263 2000 1348 2064; x_wconf 80' lang='lat' dir='ltr'><strong>vices</strong></span> <span class='ocrx_word' id='word_1_104' title='bbox 1363 2003 1493 2078; x_wconf 86' lang='lat' dir='ltr'><strong>nostras,</strong></span> 
     </span>
     <span class='ocr_line' id='line_1_16' title="bbox 378 2111 1492 2198; baseline -0.007 -19"><span class='ocrx_word' id='word_1_105' title='bbox 378 2115 594 2198; x_wconf 86' lang='lat' dir='ltr'><strong>impertiendo</strong></span> <span class='ocrx_word' id='word_1_106' title='bbox 611 2115 672 2179; x_wconf 92' lang='lat' dir='ltr'><strong>tibi</strong></span> <span class='ocrx_word' id='word_1_107' title='bbox 689 2113 841 2179; x_wconf 83' lang='lat' dir='ltr'><strong>similiter·</strong></span> <span class='ocrx_word' id='word_1_108' title='bbox 856 2118 1052 2198; x_wconf 87' lang='lat' dir='ltr'><strong>potestatem</strong></span> <span class='ocrx_word' id='word_1_109' title='bbox 1069 2111 1343 2178; x_wconf 87' lang='lat' dir='ltr'><strong>etauctoritatem</strong></span> <span class='ocrx_word' id='word_1_110' title='bbox 1359 2116 1492 2177; x_wconf 89' lang='lat' dir='ltr'><strong>nostram</strong></span> 
     </span>
     <span class='ocr_line' id='line_1_17' title="bbox 384 2219 1494 2308; baseline -0.004 -23"><span class='ocrx_word' id='word_1_111' title='bbox 384 2223 603 2288; x_wconf 84' lang='lat' dir='ltr'><strong>omnimodam</strong></span> <span class='ocrx_word' id='word_1_112' title='bbox 618 2221 652 2286; x_wconf 93' lang='lat' dir='ltr'><strong>in</strong></span> <span class='ocrx_word' id='word_1_113' title='bbox 676 2221 785 2285; x_wconf 88' lang='lat' dir='ltr'><strong>anima</strong></span> <span class='ocrx_word' id='word_1_114' title='bbox 801 2229 832 2284; x_wconf 90' lang='lat' dir='ltr'><strong>et</strong></span> <span class='ocrx_word' id='word_1_115' title='bbox 847 2221 912 2285; x_wconf 87' lang='lat' dir='ltr'><strong>fido</strong></span> <span class='ocrx_word' id='word_1_116' title='bbox 929 2225 1051 2299; x_wconf 87' lang='lat' dir='ltr'><strong>nostra,</strong></span> <span class='ocrx_word' id='word_1_117' title='bbox 1069 2219 1292 2308; x_wconf 80' lang='lat' dir='ltr'><strong>citadantiam,</strong></span> <span class='ocrx_word' id='word_1_118' title='bbox 1305 2219 1494 2296; x_wconf 87' lang='lat' dir='ltr'><strong>fidelitatem,</strong></span> 
     </span>
     <span class='ocr_line' id='line_1_18' title="bbox 383 2325 1495 2412; baseline -0.005 -19"><span class='ocrx_word' id='word_1_119' title='bbox 383 2332 614 2412; x_wconf 87' lang='lat' dir='ltr'><strong>constantiam,</strong></span> <span class='ocrx_word' id='word_1_120' title='bbox 631 2328 760 2394; x_wconf 91' lang='lat' dir='ltr'><strong>domino</strong></span> <span class='ocrx_word' id='word_1_121' title='bbox 794 2327 879 2392; x_wconf 91' lang='lat' dir='ltr'><strong>Duci</strong></span> <span class='ocrx_word' id='word_1_122' title='bbox 896 2333 929 2391; x_wconf 88' lang='lat' dir='ltr'><strong>et</strong></span> <span class='ocrx_word' id='word_1_123' title='bbox 946 2327 1118 2393; x_wconf 89' lang='lat' dir='ltr'><strong>Communi</strong></span> <span class='ocrx_word' id='word_1_124' title='bbox 1143 2328 1301 2411; x_wconf 88' lang='lat' dir='ltr'><strong>predictis</strong></span> <span class='ocrx_word' id='word_1_125' title='bbox 1324 2325 1452 2412; x_wconf 89' lang='lat' dir='ltr'><strong>jurandi</strong></span> <span class='ocrx_word' id='word_1_126' title='bbox 1466 2327 1495 2388; x_wconf 89' lang='lat' dir='ltr'><strong>et</strong></span> 
     </span>
     <span class='ocr_line' id='line_1_19' title="bbox 380 2435 1497 2521; baseline -0.004 -22"><span class='ocrx_word' id='word_1_127' title='bbox 380 2436 596 2518; x_wconf 89' lang='lat' dir='ltr'><strong>promittendi</strong></span> <span class='ocrx_word' id='word_1_128' title='bbox 619 2443 733 2503; x_wconf 90' lang='lat' dir='ltr'><strong>nostro</strong></span> <span class='ocrx_word' id='word_1_129' title='bbox 758 2437 887 2502; x_wconf 88' lang='lat' dir='ltr'><strong>nomine</strong></span> <span class='ocrx_word' id='word_1_130' title='bbox 913 2443 947 2501; x_wconf 91' lang='lat' dir='ltr'><strong>et</strong></span> <span class='ocrx_word' id='word_1_131' title='bbox 977 2438 1047 2502; x_wconf 81' lang='lat' dir='ltr'><strong>vica</strong></span> <span class='ocrx_word' id='word_1_132' title='bbox 1062 2439 1095 2501; x_wconf 93' lang='lat' dir='ltr'><strong>in</strong></span> <span class='ocrx_word' id='word_1_133' title='bbox 1112 2443 1305 2519; x_wconf 78' lang='lat' dir='ltr'><strong>perpetuum</strong></span> <span class='ocrx_word' id='word_1_134' title='bbox 1324 2435 1445 2521; x_wconf 90' lang='lat' dir='ltr'><strong>petenti</strong></span> <span class='ocrx_word' id='word_1_135' title='bbox 1467 2439 1497 2496; x_wconf 89' lang='lat' dir='ltr'><strong>et</strong></span> 
     </span>
     <span class='ocr_line' id='line_1_20' title="bbox 381 2539 1497 2627; baseline -0.005 -19"><span class='ocrx_word' id='word_1_136' title='bbox 381 2542 562 2626; x_wconf 86' lang='lat' dir='ltr'><strong>recipienti,</strong></span> <span class='ocrx_word' id='word_1_137' title='bbox 587 2550 625 2608; x_wconf 89' lang='lat' dir='ltr'><strong>ut</strong></span> <span class='ocrx_word' id='word_1_138' title='bbox 649 2565 745 2626; x_wconf 88' lang='lat' dir='ltr'><strong>super</strong></span> <span class='ocrx_word' id='word_1_139' title='bbox 771 2543 823 2608; x_wconf 92' lang='lat' dir='ltr'><strong>his</strong></span> <span class='ocrx_word' id='word_1_140' title='bbox 849 2543 890 2609; x_wconf 90' lang='lat' dir='ltr'><strong>ab</strong></span> <span class='ocrx_word' id='word_1_141' title='bbox 915 2543 994 2627; x_wconf 90' lang='lat' dir='ltr'><strong>ipsis</strong></span> <span class='ocrx_word' id='word_1_142' title='bbox 1020 2544 1151 2608; x_wconf 90' lang='lat' dir='ltr'><strong>domino</strong></span> <span class='ocrx_word' id='word_1_143' title='bbox 1177 2543 1270 2608; x_wconf 90' lang='lat' dir='ltr'><strong>Duce</strong></span> <span class='ocrx_word' id='word_1_144' title='bbox 1287 2549 1320 2608; x_wconf 89' lang='lat' dir='ltr'><strong>et</strong></span> <span class='ocrx_word' id='word_1_145' title='bbox 1336 2539 1497 2610; x_wconf 88' lang='lat' dir='ltr'><strong>Communi</strong></span> 
     </span>
     <span class='ocr_line' id='line_1_21' title="bbox 376 2649 1498 2735; baseline -0.002 -22"><span class='ocrx_word' id='word_1_146' title='bbox 376 2649 590 2735; x_wconf 83' lang='lat' dir='ltr'><strong>privilegium</strong></span> <span class='ocrx_word' id='word_1_147' title='bbox 604 2651 655 2716; x_wconf 80' lang='lat' dir='ltr'><strong>rel</strong></span> <span class='ocrx_word' id='word_1_148' title='bbox 672 2658 807 2733; x_wconf 86' lang='lat' dir='ltr'><strong>cartam,</strong></span> <span class='ocrx_word' id='word_1_149' title='bbox 824 2651 912 2733; x_wconf 89' lang='lat' dir='ltr'><strong>quod</strong></span> <span class='ocrx_word' id='word_1_150' title='bbox 930 2652 969 2717; x_wconf 87' lang='lat' dir='ltr'><strong>de</strong></span> <span class='ocrx_word' id='word_1_151' title='bbox 987 2658 1093 2717; x_wconf 89' lang='lat' dir='ltr'><strong>cetero</strong></span> <span class='ocrx_word' id='word_1_152' title='bbox 1110 2673 1169 2717; x_wconf 93' lang='lat' dir='ltr'><strong>nos</strong></span> <span class='ocrx_word' id='word_1_153' title='bbox 1185 2653 1219 2716; x_wconf 91' lang='lat' dir='ltr'><strong>in</strong></span> <span class='ocrx_word' id='word_1_154' title='bbox 1236 2671 1330 2717; x_wconf 87' lang='lat' dir='ltr'><strong>suum</strong></span> <span class='ocrx_word' id='word_1_155' title='bbox 1350 2649 1498 2715; x_wconf 84' lang='lat' dir='ltr'><strong>habentes</strong></span> 
     </span>
     <span class='ocr_line' id='line_1_22' title="bbox 383 2757 1499 2844; baseline -0.003 -23"><span class='ocrx_word' id='word_1_156' title='bbox 383 2758 484 2823; x_wconf 86' lang='lat' dir='ltr'><strong>civem</strong></span> <span class='ocrx_word' id='word_1_157' title='bbox 500 2779 612 2826; x_wconf 88' lang='lat' dir='ltr'><strong>amore</strong></span> <span class='ocrx_word' id='word_1_158' title='bbox 629 2766 661 2823; x_wconf 88' lang='lat' dir='ltr'><strong>et</strong></span> <span class='ocrx_word' id='word_1_159' title='bbox 677 2759 854 2824; x_wconf 91' lang='lat' dir='ltr'><strong>dilectione</strong></span> <span class='ocrx_word' id='word_1_160' title='bbox 871 2758 990 2824; x_wconf 89' lang='lat' dir='ltr'><strong>debitis</strong></span> <span class='ocrx_word' id='word_1_161' title='bbox 1007 2765 1254 2842; x_wconf 90' lang='lat' dir='ltr'><strong>prosequantur.</strong></span> <span class='ocrx_word' id='word_1_162' title='bbox 1273 2757 1379 2844; x_wconf 81' lang='lat' dir='ltr'><strong>Super</strong></span> <span class='ocrx_word' id='word_1_163' title='bbox 1395 2777 1455 2842; x_wconf 87' lang='lat' dir='ltr'><strong>quo</strong></span> <span class='ocrx_word' id='word_1_164' title='bbox 1470 2761 1499 2818; x_wconf 91' lang='lat' dir='ltr'><strong>ct</strong></span> 
     </span>
     <span class='ocr_line' id='line_1_23' title="bbox 380 2860 1500 2950; baseline -0.004 -20"><span class='ocrx_word' id='word_1_165' title='bbox 380 2871 420 2930; x_wconf 89' lang='lat' dir='ltr'><strong>tu</strong></span> <span class='ocrx_word' id='word_1_166' title='bbox 436 2887 496 2950; x_wconf 89' lang='lat' dir='ltr'><strong>pro</strong></span> <span class='ocrx_word' id='word_1_167' title='bbox 527 2869 629 2933; x_wconf 88' lang='lat' dir='ltr'><strong>nostri</strong></span> <span class='ocrx_word' id='word_1_168' title='bbox 647 2875 742 2950; x_wconf 80' lang='lat' dir='ltr'><strong>parte</strong></span> <span class='ocrx_word' id='word_1_169' title='bbox 768 2867 890 2932; x_wconf 88' lang='lat' dir='ltr'><strong>eisdem</strong></span> <span class='ocrx_word' id='word_1_170' title='bbox 915 2866 1022 2932; x_wconf 89' lang='lat' dir='ltr'><strong>facere</strong></span> <span class='ocrx_word' id='word_1_171' title='bbox 1047 2866 1157 2933; x_wconf 76' lang='lat' dir='ltr'><strong>valeas</strong></span> <span class='ocrx_word' id='word_1_172' title='bbox 1182 2869 1441 2950; x_wconf 86' lang='lat' dir='ltr'><strong>instrumentum,</strong></span> <span class='ocrx_word' id='word_1_173' title='bbox 1456 2860 1500 2928; x_wconf 84' lang='lat' dir='ltr'><strong>rel</strong></span> 
     </span>
     <span class='ocr_line' id='line_1_24' title="bbox 384 2972 1500 3059; baseline -0.004 -21"><span class='ocrx_word' id='word_1_174' title='bbox 384 2979 517 3056; x_wconf 87' lang='lat' dir='ltr'><strong>cartam,</strong></span> <span class='ocrx_word' id='word_1_175' title='bbox 544 2975 595 3040; x_wconf 81' lang='lat' dir='ltr'><strong>vel</strong></span> <span class='ocrx_word' id='word_1_176' title='bbox 625 2975 770 3056; x_wconf 87' lang='lat' dir='ltr'><strong>aliquam</strong></span> <span class='ocrx_word' id='word_1_177' title='bbox 803 2974 902 3039; x_wconf 87' lang='lat' dir='ltr'><strong>aliam</strong></span> <span class='ocrx_word' id='word_1_178' title='bbox 932 2975 1129 3055; x_wconf 87' lang='lat' dir='ltr'><strong>firmitatem,</strong></span> <span class='ocrx_word' id='word_1_179' title='bbox 1154 2997 1253 3059; x_wconf 87' lang='lat' dir='ltr'><strong>quam</strong></span> <span class='ocrx_word' id='word_1_180' title='bbox 1269 2999 1290 3040; x_wconf 88' lang='lat' dir='ltr'><strong>a</strong></span> <span class='ocrx_word' id='word_1_181' title='bbox 1305 2981 1337 3040; x_wconf 88' lang='lat' dir='ltr'><strong>te</strong></span> <span class='ocrx_word' id='word_1_182' title='bbox 1355 2972 1500 3057; x_wconf 90' lang='lat' dir='ltr'><strong>petierint</strong></span> 
     </span>
     <span class='ocr_line' id='line_1_25' title="bbox 383 3079 1501 3165; baseline -0.003 -20"><span class='ocrx_word' id='word_1_183' title='bbox 383 3080 533 3148; x_wconf 88' lang='lat' dir='ltr'><strong>dominus</strong></span> <span class='ocrx_word' id='word_1_184' title='bbox 564 3083 641 3146; x_wconf 83' lang='lat' dir='ltr'><strong>Dux</strong></span> <span class='ocrx_word' id='word_1_185' title='bbox 666 3088 697 3147; x_wconf 89' lang='lat' dir='ltr'><strong>et</strong></span> <span class='ocrx_word' id='word_1_186' title='bbox 724 3079 901 3147; x_wconf 87' lang='lat' dir='ltr'><strong>Commune</strong></span> <span class='ocrx_word' id='word_1_187' title='bbox 934 3083 1085 3165; x_wconf 84' lang='lat' dir='ltr'><strong>superius</strong></span> <span class='ocrx_word' id='word_1_188' title='bbox 1110 3083 1278 3148; x_wconf 88' lang='lat' dir='ltr'><strong>nominati.</strong></span> <span class='ocrx_word' id='word_1_189' title='bbox 1308 3081 1432 3147; x_wconf 89' lang='lat' dir='ltr'><strong>Damus</strong></span> <span class='ocrx_word' id='word_1_190' title='bbox 1446 3079 1501 3144; x_wconf 87' lang='lat' dir='ltr'><strong>tibi</strong></span> 
     </span>
     <span class='ocr_line' id='line_1_26' title="bbox 381 3187 1502 3278; baseline -0.003 -24"><span class='ocrx_word' id='word_1_191' title='bbox 381 3187 685 3278; x_wconf 81' lang='lat' dir='ltr'><strong>utiamgcneralem</strong></span> <span class='ocrx_word' id='word_1_192' title='bbox 711 3197 743 3254; x_wconf 87' lang='lat' dir='ltr'><strong>et</strong></span> <span class='ocrx_word' id='word_1_193' title='bbox 769 3189 943 3273; x_wconf 88' lang='lat' dir='ltr'><strong>specialem</strong></span> <span class='ocrx_word' id='word_1_194' title='bbox 975 3192 1241 3272; x_wconf 86' lang='lat' dir='ltr'><strong>procurationem</strong></span> <span class='ocrx_word' id='word_1_195' title='bbox 1258 3189 1502 3274; x_wconf 75' lang='lat' dir='ltr'><strong>syndicatoriam</strong></span> 
     </span>
     <span class='ocr_line' id='line_1_27' title="bbox 383 3295 1501 3380; baseline -0.002 -19"><span class='ocrx_word' id='word_1_196' title='bbox 383 3302 417 3361; x_wconf 89' lang='lat' dir='ltr'><strong>et</strong></span> <span class='ocrx_word' id='word_1_197' title='bbox 432 3296 702 3361; x_wconf 87' lang='lat' dir='ltr'><strong>ambassatoriaru</strong></span> <span class='ocrx_word' id='word_1_198' title='bbox 719 3296 1044 3376; x_wconf 85' lang='lat' dir='ltr'><strong>administrationem,</strong></span> <span class='ocrx_word' id='word_1_199' title='bbox 1061 3297 1151 3362; x_wconf 92' lang='lat' dir='ltr'><strong>nullo</strong></span> <span class='ocrx_word' id='word_1_200' title='bbox 1167 3299 1299 3380; x_wconf 86' lang='lat' dir='ltr'><strong>penitus</strong></span> <span class='ocrx_word' id='word_1_201' title='bbox 1318 3295 1501 3362; x_wconf 86' lang='lat' dir='ltr'><strong>commissio·</strong></span> 
     </span>
     <span class='ocr_line' id='line_1_28' title="bbox 386 3403 1503 3489; baseline 0.001 -22"><span class='ocrx_word' id='word_1_202' title='bbox 386 3403 437 3468; x_wconf 89' lang='lat' dir='ltr'><strong>nis</strong></span> <span class='ocrx_word' id='word_1_203' title='bbox 463 3404 647 3487; x_wconf 88' lang='lat' dir='ltr'><strong>hujusmodi</strong></span> <span class='ocrx_word' id='word_1_204' title='bbox 674 3411 797 3487; x_wconf 90' lang='lat' dir='ltr'><strong>puncto</strong></span> <span class='ocrx_word' id='word_1_205' title='bbox 823 3406 1047 3489; x_wconf 84' lang='lat' dir='ltr'><strong>discrepante,</strong></span> <span class='ocrx_word' id='word_1_206' title='bbox 1064 3406 1152 3488; x_wconf 89' lang='lat' dir='ltr'><strong>quod</strong></span> <span class='ocrx_word' id='word_1_207' title='bbox 1183 3413 1219 3470; x_wconf 88' lang='lat' dir='ltr'><strong>tu</strong></span> <span class='ocrx_word' id='word_1_208' title='bbox 1245 3405 1364 3488; x_wconf 84' lang='lat' dir='ltr'><strong>omnia,</strong></span> <span class='ocrx_word' id='word_1_209' title='bbox 1396 3411 1428 3468; x_wconf 90' lang='lat' dir='ltr'><strong>et</strong></span> <span class='ocrx_word' id='word_1_210' title='bbox 1451 3405 1503 3469; x_wconf 86' lang='lat' dir='ltr'><strong>siu·</strong></span> 
     </span>
     <span class='ocr_line' id='line_1_29' title="bbox 388 3512 1504 3600; baseline -0.002 -22"><span class='ocrx_word' id='word_1_211' title='bbox 388 3512 474 3596; x_wconf 81' lang='lat' dir='ltr'><strong>gula,</strong></span> <span class='ocrx_word' id='word_1_212' title='bbox 491 3514 596 3596; x_wconf 86' lang='lat' dir='ltr'><strong>quein</strong></span> <span class='ocrx_word' id='word_1_213' title='bbox 613 3520 761 3578; x_wconf 87' lang='lat' dir='ltr'><strong>nostrum</strong></span> <span class='ocrx_word' id='word_1_214' title='bbox 779 3516 846 3579; x_wconf 84' lang='lat' dir='ltr'><strong>siue</strong></span> <span class='ocrx_word' id='word_1_215' title='bbox 863 3515 1065 3580; x_wconf 85' lang='lat' dir='ltr'><strong>commodum</strong></span> <span class='ocrx_word' id='word_1_216' title='bbox 1083 3517 1151 3580; x_wconf 84' lang='lat' dir='ltr'><strong>siue</strong></span> <span class='ocrx_word' id='word_1_217' title='bbox 1178 3517 1334 3581; x_wconf 89' lang='lat' dir='ltr'><strong>honorem</strong></span> <span class='ocrx_word' id='word_1_218' title='bbox 1350 3537 1430 3600; x_wconf 85' lang='lat' dir='ltr'><strong>erga</strong></span> <span class='ocrx_word' id='word_1_219' title='bbox 1442 3527 1504 3598; x_wconf 88' lang='lat' dir='ltr'><strong>pre-</strong></span> 
     </span>
     <span class='ocr_line' id='line_1_30' title="bbox 381 3619 1504 3706; baseline -0.001 -22"><span class='ocrx_word' id='word_1_220' title='bbox 381 3621 495 3687; x_wconf 83' lang='lat' dir='ltr'><strong>·dictos</strong></span> <span class='ocrx_word' id='word_1_221' title='bbox 519 3620 686 3685; x_wconf 89' lang='lat' dir='ltr'><strong>dominum</strong></span> <span class='ocrx_word' id='word_1_222' title='bbox 702 3619 829 3686; x_wconf 90' lang='lat' dir='ltr'><strong>Ducem</strong></span> <span class='ocrx_word' id='word_1_223' title='bbox 847 3627 880 3686; x_wconf 89' lang='lat' dir='ltr'><strong>et</strong></span> <span class='ocrx_word' id='word_1_224' title='bbox 897 3621 1076 3687; x_wconf 87' lang='lat' dir='ltr'><strong>Commune</strong></span> <span class='ocrx_word' id='word_1_225' title='bbox 1101 3629 1257 3706; x_wconf 87' lang='lat' dir='ltr'><strong>tractare,</strong></span> <span class='ocrx_word' id='word_1_226' title='bbox 1274 3624 1394 3704; x_wconf 89' lang='lat' dir='ltr'><strong>dicere,</strong></span> <span class='ocrx_word' id='word_1_227' title='bbox 1409 3623 1504 3688; x_wconf 87' lang='lat' dir='ltr'><strong>facere</strong></span> 
     </span>
     <span class='ocr_line' id='line_1_31' title="bbox 391 3728 1505 3814; baseline -0.001 -22"><span class='ocrx_word' id='word_1_228' title='bbox 391 3735 424 3792; x_wconf 87' lang='lat' dir='ltr'><strong>ct</strong></span> <span class='ocrx_word' id='word_1_229' title='bbox 439 3730 572 3793; x_wconf 89' lang='lat' dir='ltr'><strong>firmare</strong></span> <span class='ocrx_word' id='word_1_230' title='bbox 588 3729 635 3792; x_wconf 87' lang='lat' dir='ltr'><strong>ita</strong></span> <span class='ocrx_word' id='word_1_231' title='bbox 651 3729 755 3811; x_wconf 86' lang='lat' dir='ltr'><strong>possis</strong></span> <span class='ocrx_word' id='word_1_232' title='bbox 771 3735 803 3793; x_wconf 90' lang='lat' dir='ltr'><strong>ct</strong></span> <span class='ocrx_word' id='word_1_233' title='bbox 819 3730 938 3811; x_wconf 74' lang='lat' dir='ltr'><strong>taleas,</strong></span> <span class='ocrx_word' id='word_1_234' title='bbox 948 3731 1030 3794; x_wconf 90' lang='lat' dir='ltr'><strong>sicut</strong></span> <span class='ocrx_word' id='word_1_235' title='bbox 1045 3751 1104 3794; x_wconf 91' lang='lat' dir='ltr'><strong>nos</strong></span> <span class='ocrx_word' id='word_1_236' title='bbox 1119 3732 1153 3795; x_wconf 92' lang='lat' dir='ltr'><strong>in</strong></span> <span class='ocrx_word' id='word_1_237' title='bbox 1170 3752 1315 3814; x_wconf 86' lang='lat' dir='ltr'><strong>persona</strong></span> <span class='ocrx_word' id='word_1_238' title='bbox 1330 3736 1445 3797; x_wconf 86' lang='lat' dir='ltr'><strong>nostru</strong></span> <span class='ocrx_word' id='word_1_239' title='bbox 1459 3728 1505 3794; x_wconf 93' lang='lat' dir='ltr'><strong>ibi-</strong></span> 
     </span>
     <span class='ocr_line' id='line_1_32' title="bbox 393 3834 1505 3921; baseline 0.003 -23"><span class='ocrx_word' id='word_1_240' title='bbox 393 3834 468 3901; x_wconf 89' lang='lat' dir='ltr'><strong>dem</strong></span> <span class='ocrx_word' id='word_1_241' title='bbox 483 3836 658 3902; x_wconf 83' lang='lat' dir='ltr'><strong>existentes</strong></span> <span class='ocrx_word' id='word_1_242' title='bbox 674 3835 781 3900; x_wconf 87' lang='lat' dir='ltr'><strong>iacere</strong></span> <span class='ocrx_word' id='word_1_243' title='bbox 798 3857 969 3918; x_wconf 82' lang='lat' dir='ltr'><strong>possumus</strong></span> <span class='ocrx_word' id='word_1_244' title='bbox 1000 3837 1051 3902; x_wconf 81' lang='lat' dir='ltr'><strong>vel</strong></span> <span class='ocrx_word' id='word_1_245' title='bbox 1068 3859 1245 3921; x_wconf 80' lang='lat' dir='ltr'><strong>possemus.</strong></span> <span class='ocrx_word' id='word_1_246' title='bbox 1270 3839 1505 3912; x_wconf 79' lang='lat' dir='ltr'><strong>Promittentea</strong></span> 
     </span>
     <span class='ocr_line' id='line_1_33' title="bbox 392 3940 1505 4026; baseline 0.002 -20"><span class='ocrx_word' id='word_1_247' title='bbox 392 3940 480 4026; x_wconf 87' lang='lat' dir='ltr'><strong>quod</strong></span> <span class='ocrx_word' id='word_1_248' title='bbox 497 3940 662 4026; x_wconf 46' lang='lat' dir='ltr'><strong>quidquid,</strong></span> <span class='ocrx_word' id='word_1_249' title='bbox 672 3965 729 4024; x_wconf 90' lang='lat' dir='ltr'><strong>per</strong></span> <span class='ocrx_word' id='word_1_250' title='bbox 745 3951 778 4006; x_wconf 90' lang='lat' dir='ltr'><strong>te</strong></span> <span class='ocrx_word' id='word_1_251' title='bbox 804 3965 900 4026; x_wconf 91' lang='lat' dir='ltr'><strong>pones</strong></span> <span class='ocrx_word' id='word_1_252' title='bbox 926 3944 1073 4026; x_wconf 82' lang='lat' dir='ltr'><strong>prefatos</strong></span> <span class='ocrx_word' id='word_1_253' title='bbox 1107 3945 1307 4012; x_wconf 77' lang='lat' dir='ltr'><strong>notificatum</strong></span> <span class='ocrx_word' id='word_1_254' title='bbox 1323 3946 1374 4011; x_wconf 77' lang='lat' dir='ltr'><strong>rel</strong></span> <span class='ocrx_word' id='word_1_255' title='bbox 1392 3946 1505 4011; x_wconf 84' lang='lat' dir='ltr'><strong>ordina·</strong></span> 
     </span>
     <span class='ocr_line' id='line_1_34' title="bbox 392 4050 1506 4138; baseline -0.002 -23"><span class='ocrx_word' id='word_1_256' title='bbox 392 4057 463 4115; x_wconf 90' lang='lat' dir='ltr'><strong>tum</strong></span> <span class='ocrx_word' id='word_1_257' title='bbox 479 4057 537 4115; x_wconf 87' lang='lat' dir='ltr'><strong>aut</strong></span> <span class='ocrx_word' id='word_1_258' title='bbox 551 4050 715 4116; x_wconf 88' lang='lat' dir='ltr'><strong>firmatum</strong></span> <span class='ocrx_word' id='word_1_259' title='bbox 731 4051 840 4131; x_wconf 84' lang='lat' dir='ltr'><strong>suerit,</strong></span> <span class='ocrx_word' id='word_1_260' title='bbox 855 4073 915 4134; x_wconf 86' lang='lat' dir='ltr'><strong>pro</strong></span> <span class='ocrx_word' id='word_1_261' title='bbox 932 4052 1026 4118; x_wconf 90' lang='lat' dir='ltr'><strong>nobis</strong></span> <span class='ocrx_word' id='word_1_262' title='bbox 1053 4060 1084 4118; x_wconf 91' lang='lat' dir='ltr'><strong>et</strong></span> <span class='ocrx_word' id='word_1_263' title='bbox 1101 4061 1217 4120; x_wconf 88' lang='lat' dir='ltr'><strong>nostra</strong></span> <span class='ocrx_word' id='word_1_264' title='bbox 1241 4063 1338 4138; x_wconf 86' lang='lat' dir='ltr'><strong>parto</strong></span> <span class='ocrx_word' id='word_1_265' title='bbox 1366 4061 1471 4120; x_wconf 89' lang='lat' dir='ltr'><strong>ratum</strong></span> <span class='ocrx_word' id='word_1_266' title='bbox 1484 4057 1506 4115; x_wconf 87' lang='lat' dir='ltr'><strong>et</strong></span> 
     </span>
     <span class='ocr_line' id='line_1_35' title="bbox 395 4157 1507 4244; baseline 0 -23"><span class='ocrx_word' id='word_1_267' title='bbox 395 4164 524 4240; x_wconf 88' lang='lat' dir='ltr'><strong>gratum</strong></span> <span class='ocrx_word' id='word_1_268' title='bbox 540 4157 697 4223; x_wconf 87' lang='lat' dir='ltr'><strong>habentes</strong></span> <span class='ocrx_word' id='word_1_269' title='bbox 714 4159 800 4222; x_wconf 90' lang='lat' dir='ltr'><strong>omni</strong></span> <span class='ocrx_word' id='word_1_270' title='bbox 833 4165 990 4244; x_wconf 86' lang='lat' dir='ltr'><strong>tempore,</strong></span> <span class='ocrx_word' id='word_1_271' title='bbox 1014 4183 1071 4244; x_wconf 89' lang='lat' dir='ltr'><strong>per</strong></span> <span class='ocrx_word' id='word_1_272' title='bbox 1103 4183 1162 4228; x_wconf 91' lang='lat' dir='ltr'><strong>nos</strong></span> <span class='ocrx_word' id='word_1_273' title='bbox 1180 4168 1214 4227; x_wconf 91' lang='lat' dir='ltr'><strong>et</strong></span> <span class='ocrx_word' id='word_1_274' title='bbox 1229 4168 1361 4227; x_wconf 88' lang='lat' dir='ltr'><strong>nostros</strong></span> <span class='ocrx_word' id='word_1_275' title='bbox 1387 4158 1507 4224; x_wconf 83' lang='lat' dir='ltr'><strong>heredes</strong></span> 
     </span>
     <span class='ocr_line' id='line_1_36' title="bbox 396 4263 1507 4352; baseline 0.001 -26"><span class='ocrx_word' id='word_1_276' title='bbox 396 4263 582 4329; x_wconf 85' lang='lat' dir='ltr'><strong>curabimus</strong></span> <span class='ocrx_word' id='word_1_277' title='bbox 597 4265 825 4330; x_wconf 87' lang='lat' dir='ltr'><strong>inviolabiliter</strong></span> <span class='ocrx_word' id='word_1_278' title='bbox 851 4266 1035 4348; x_wconf 74' lang='lat' dir='ltr'><strong>observare,</strong></span> <span class='ocrx_word' id='word_1_279' title='bbox 1053 4278 1083 4334; x_wconf 84' lang='lat' dir='ltr'><strong>et</strong></span> <span class='ocrx_word' id='word_1_280' title='bbox 1100 4272 1133 4334; x_wconf 93' lang='lat' dir='ltr'><strong>in</strong></span> <span class='ocrx_word' id='word_1_281' title='bbox 1159 4270 1248 4336; x_wconf 89' lang='lat' dir='ltr'><strong>nullo</strong></span> <span class='ocrx_word' id='word_1_282' title='bbox 1265 4292 1379 4335; x_wconf 92' lang='lat' dir='ltr'><strong>eorum</strong></span> <span class='ocrx_word' id='word_1_283' title='bbox 1396 4267 1507 4352; x_wconf 86' lang='lat' dir='ltr'><strong>penitus</strong></span> 
     </span>
     <span class='ocr_line' id='line_1_37' title="bbox 398 4369 1508 4464; baseline 0.009 -32"><span class='ocrx_word' id='word_1_284' title='bbox 398 4371 567 4438; x_wconf 85' lang='lat' dir='ltr'><strong>contraire.</strong></span> <span class='ocrx_word' id='word_1_285' title='bbox 584 4369 706 4442; x_wconf 82' lang='lat' dir='ltr'><strong>Actum</strong></span> <span class='ocrx_word' id='word_1_286' title='bbox 722 4375 820 4440; x_wconf 87' lang='lat' dir='ltr'><strong>estin</strong></span> <span class='ocrx_word' id='word_1_287' title='bbox 836 4373 979 4442; x_wconf 78' lang='lat' dir='ltr'><strong>Civitate</strong></span> <span class='ocrx_word' id='word_1_288' title='bbox 1011 4373 1163 4464; x_wconf 79' lang='lat' dir='ltr'><strong>Sybenici</strong></span> <span class='ocrx_word' id='word_1_289' title='bbox 1180 4379 1212 4444; x_wconf 90' lang='lat' dir='ltr'><strong>in</strong></span> <span class='ocrx_word' id='word_1_290' title='bbox 1230 4378 1357 4464; x_wconf 89' lang='lat' dir='ltr'><strong>palatio</strong></span> <span class='ocrx_word' id='word_1_291' title='bbox 1375 4375 1508 4454; x_wconf 84' lang='lat' dir='ltr'><strong>Commu·</strong></span> 
     </span>
    </p>
   </div>
   <div class='ocr_carea' id='block_1_5' title="bbox 0 0 1620 5234">
    <p class='ocr_par' dir='ltr' id='par_1_6' title="bbox 0 0 1620 5234">
     <span class='ocr_line' id='line_1_38' title="bbox 0 0 1620 5234; baseline 0 0"><span class='ocrx_word' id='word_1_292' title='bbox 0 0 1620 5234; x_wconf 95' lang='lat' dir='ltr'><strong> </strong></span> 
     </span>
    </p>
   </div>
  </div>
 </body>
</html>
