3244 5236
580 383 676 447 1338.
1126 396 1189 456 363

67 555 148 620 11111
163 553 306 622 Domino
332 558 464 642 placuit,
490 558 530 625 de
556 559 617 626 hac
642 562 712 628 luce
736 563 912 644 subtracto,
937 567 1073 649 ipsoque
1089 566 1191 635 Petro

67 659 298 731 cardinalibus
316 689 349 730 se
367 664 406 732 de
423 666 558 750 speciali
574 670 730 736 mandato
745 676 860 738 nostro
877 673 1077 740 deRomana
1088 673 1192 744 Curia

65 791 121 853 pro
137 773 238 848 certis
249 773 359 839 arduis
371 776 515 862 negocijs
526 777 730 860 absentante,
747 780 875 847 demum
887 783 1078 849 venerabilis
1088 782 1192 851 irater

1 909 2 946 ;
65 885 173 946 noster
189 880 360 947 Johannes
385 882 567 967 Episcopus
593 884 786 952 Portuensis
811 887 851 953 de
876 888 1009 972 speciali
1034 891 1190 960 mandato

66 1009 121 1072 per
146 1012 207 1057 nos
232 991 304 1056 1111
329 993 417 1058 10111
443 993 575 1060 oraculo
601 994 663 1060 sibi
679 995 766 1062 lacto
784 997 823 1063 de
839 995 1068 1067 informatione
1083 1002 1191 1068 huius-

1 1135 3 1186 l
66 1096 150 1163 modi
176 1119 234 1183 per
260 1098 365 1166 dictos
383 1099 586 1182 cardinales,
613 1110 646 1168 vt
662 1102 837 1186 prefertur,
853 1115 993 1191 recepta,
1008 1109 1097 1174 cuius
1116 1119 1190 1178 aeta

1 1189 2 1238 ³
67 1205 125 1272 sibi
141 1207 278 1274 fecimus
289 1211 464 1294 assignare,
481 1209 557 1276 lecit
567 1213 600 1277 in
612 1210 814 1280 Consistorio
825 1217 1038 1284 coromnobis
1049 1225 1081 1284 et
1094 1218 1189 1285 dictis

1 1315 2 1393 ξ
66 1314 221 1380 iratribus
237 1318 359 1383 nostris
375 1316 567 1384 relationem
583 1319 763 1403 plenariam
781 1327 815 1387 et
830 1321 968 1389 fidelem.
982 1325 1028 1391 Et
1044 1327 1121 1411 quia
1131 1349 1190 1410 per

62 1423 251 1489 relationem
267 1424 451 1492 huiusmodi
467 1428 560 1494 nobis
578 1436 716 1511 constat,
740 1429 829 1515 quod
845 1431 1008 1516 Magister
1022 1441 1056 1501 et
1070 1435 1190 1501 fratres

1 1615 2 1618 Ἴ
63 1533 201 1616 predicti
227 1555 324 1620 super
348 1537 515 1618 premissis
531 1544 710 1603 noscuntur
725 1537 861 1606 infamia
876 1539 1036 1624 laborare,
1060 1564 1119 1609 nos
1135 1564 1191 1608 no·

1 1639 2 1700 3
63 1641 166 1708 lentes
183 1663 244 1707 nec
260 1642 401 1708 valentes
417 1642 483 1726 illa,
501 1643 529 1708 si
545 1665 623 1710 vera
638 1646 715 1730 sint,
743 1645 834 1713 salua
849 1649 1058 1732 conscientia,
1084 1649 1191 1715 conni-

62 1749 213 1816 uentibus
225 1748 328 1815 oculis
338 1751 549 1834 pertransire,
565 1751 642 1835 quin
652 1758 768 1818 contra
778 1753 956 1838 iuuasores,
971 1762 1189 1840 occupatores,

1 1888 2 1891 ¹
60 1856 289 1937 incendiarios,
306 1856 492 1940 sacrilegos,
510 1864 543 1922 et
557 1855 788 1924 malefactores
798 1859 994 1944 huiusmodi,-
1011 1868 1187 1947 proutpre·

61 1961 221 2029 dictorum
249 1983 438 2029 excessuum
462 1965 673 2030 enormitates
699 1972 887 2050 exposcunt,
911 1989 952 2032 ne
970 1970 1115 2051 ipsorum
1131 1970 1188 2035 im·

62 2071 196 2154 punitas
213 2071 288 2154 11111
303 2071 337 2134 11
354 2071 536 2154 exemplum
552 2077 709 2156 transeat,
735 2072 843 2140 debite
858 2074 1073 2157 procedamus
1084 2098 1098 2138 :·
1123 2076 1186 2144 dis·
1266 2067 1270 2080 ’

1 2163 2 2215 3
62 2178 198 2244 crationi
223 2184 328 2244 vestre
355 2180 395 2244 de
421 2179 581 2245 dictorum
606 2179 744 2246 fratrum
769 2187 952 2248 nostrorum
978 2183 1113 2249 consilio
1129 2206 1188 2267 per

1 2274 2 2354 ?
61 2284 258 2370 Apostolica
283 2287 408 2370 scripta
433 2289 664 2353 committimus
681 2295 715 2355 et
729 2291 930 2370 mandamus,
954 2297 1114 2375 quatenus
1130 2313 1187 2357 vos

57 2393 105 2459 rel
120 2393 207 2461 alter
224 2401 376 2474 vestrum,
393 2415 452 2478 per
468 2415 524 2462 vos
540 2395 590 2460 vel
607 2396 708 2461 alium
724 2417 781 2462 seu
797 2397 889 2478 alios,
906 2396 1122 2464 incendiarios
1138 2421 1187 2466 eo·

1 2563 2 2566 ,
58 2501 234 2568 elesiarum
258 2500 481 2585 predictarum
508 2503 727 2587 cuiuscunque
752 2509 865 2586 statue,
892 2504 1015 2571 ordinis
1031 2510 1065 2569 et
1080 2505 1188 2570 condi·

1 2694 2 2700 ἵ
57 2610 155 2676 tionis
182 2611 335 2690 existant,
360 2611 556 2676 auctoritate
582 2617 694 2676 nostra
717 2612 751 2677 in
767 2611 924 2699 Ecclesijs
948 2618 981 2679 et
1007 2611 1087 2679 loeis
1104 2611 1189 2696 alijs,

1 2705 2 2775 ἷ
57 2717 109 2782 rbi
144 2717 299 2803 expedire
325 2716 481 2802 videritis
514 2719 712 2802 generaliter
737 2720 1032 2786 excommunicatos
1059 2718 1187 2803 publice

1 2836 3 2844 '
57 2826 227 2909 nuntietis,
244 2830 277 2890 et
292 2825 421 2893 faciatis
437 2847 496 2911 per
513 2828 595 2894 alios
612 2827 774 2908 nuntiari3
791 2847 929 2910 quorum
946 2826 1183 2894 absolutionem

54 2929 132 2999 Sedi
153 2933 302 3017 predicte
318 2933 468 3000 duximus
484 2934 671 3017 specialiter
685 2934 934 3016 reseruandarn3
958 2954 997 2999 ae
1012 2933 1129 3000 deiude
1144 2931 1185 2997 de

1 3107 2 3111 ,
53 3039 213 3124 predictis
230 3040 463 3121 inuusionibus,
483 3041 748 3126 occupationibus
765 3049 797 3107 11
812 3041 972 3125 incendijs
989 3040 1057 3106 siue
1073 3040 1184 3122 damp-

52 3149 111 3231 nis,
140 3147 333 3231 simpliciter
349 3156 381 3214 et
397 3151 436 3216 de
453 3149 560 3233 plano,
585 3151 653 3216 sine
670 3150 858 3234 strepitust
873 3149 980 3234 figura
993 3147 1118 3234 judieij,
1133 3167 1185 3211 vo-

1 3318 2 3324 ,
51 3255 135 3322 11111
154 3257 212 3342 qui
228 3255 361 3322 suerunt
376 3257 543 3340 euocandi,
558 3255 728 3324 informari
745 3257 884 3337 curetis,
910 3264 942 3322 et
959 3255 1185 3322 1110111001-

49 3364 178 3431 stiterit
193 3363 355 3448 legittime
371 3365 411 3430 de
429 3363 662 3448 inuasionibus,
687 3363 961 3449 occupationibus,
987 3363 1136 3447 dampnis
1152 3369 1186 3428 11

50 3471 211 3559 incendijs
228 3474 435 3558 supradictis,
462 3480 494 3538 et
509 3473 656 3556 personis
674 3495 736 3556 que
752 3472 836 3538 talia
850 3477 1090 3557 perpetrarunt,
1117 3492 1185 3538 eos-

49 3581 126 3647 dem
142 3579 363 3647 incendiarios
374 3580 565 3647 nominatim
576 3581 868 3646 excommunicatos
878 3579 1007 3666 publice
1018 3579 1185 3658 nuntietis,
1259 3625 1264 3636 .

47 3688 165 3756 diebus
183 3687 352 3755 dominicis
368 3694 401 3752 et
416 3687 551 3769 festinis,
578 3694 610 3754 11
625 3707 684 3770 per
700 3688 781 3754 alios
796 3689 831 3752 in
849 3687 936 3767 locis,
962 3687 1014 3752 vbi
1031 3684 1182 3768 expedire

47 3796 210 3878 videritis,
237 3795 381 3860 nuntiari
408 3793 547 3877 faciatis,
573 3799 606 3860 et
631 3795 672 3861 ab
698 3795 845 3861 omuibus
861 3795 965 3859 artius
984 3792 1120 3871 cultori,
1150 3796 1184 3856 et

48 3911 119 3972 tarn
136 3925 203 3986 101,
237 3924 335 3988 quam
350 3901 433 3970 alios
449 3903 617 3969 inuaseres
634 3909 666 3969 11
682 3909 894 3986 occupatores
911 3900 953 3967 ad
970 3898 1182 3966 reedificatio

47 4035 124 4080 nem
144 4011 366 4092 ecelesiarum,
382 4033 441 4095 per
457 4031 512 4076 eos
523 4012 572 4077 rel
585 4010 754 4076 occasione
765 4011 918 4094 ipsorum,
933 4014 967 4072 vt
976 4005 1184 4090 premittitur,

45 4120 305 4200 destructarum,
337 4125 371 4184 11
402 4115 656 4184 satisfactionem
688 4139 727 4184 ac
751 4115 1012 4183 emendationem
1043 4112 1184 4178 aliorum

47 4228 213 4297 bonorum
238 4227 463 4305 immobilium,
494 4247 643 4293 necnon
670 4226 713 4291 ad
737 4224 975 4291 restitutionem
1002 4221 1182 4306 plenariam

45 4337 214 4403 dictarum
230 4339 395 4400 terrarum
411 4355 483 4399 curn
499 4333 660 4399 fructibus
675 4332 750 4397 inde
765 4331 928 4416 perceptis
945 4335 977 4397 et
992 4351 1102 4396 rerum
1117 4350 1183 4396 mo-

43 4445 164 4512 bilium
191 4441 306 4508 exinde
323 4441 511 4507 ablaturum
527 4462 583 4508 seu
599 4440 799 4520 amissarum,
824 4437 874 4504 111
890 4433 1084 4503 solutionem
1101 4437 1182 4503 exti-

1 4593 2 4596 =
43 4551 204 4620 nationis
219 4550 364 4633 ipsarum
383 4569 492 4614 rerum
508 4546 688 4628 mobilium,
719 4567 777 4612 seu
793 4543 1055 4621 emandationem
1072 4543 1183 4643 damp-
