3174 5236
749 373 984 420 nmnonmcznu
1001 363 1167 422 sundran.

927 660 1000 720 111.

402 818 618 899 Kleneentinn,
630 817 763 882 illm-rell
775 817 972 903 Kdrolynalc
983 818 1106 896 ditesce,
1125 813 1387 906 Mayynrorsqu
1403 819 1527 906 kirrily·

703 925 851 1010 ne'jrinak
868 925 995 1010 czimje't
1011 927 1109 990 viseti.
1129 928 1224 990 1292.

506 1099 690 1167 Clementia
707 1101 835 1186 Reffl'na
852 1098 1006 1186 Vngarie‚
1025 1123 1156 1170 consors
1174 1103 1294 1171 Karoli
1321 1103 1529 1189 primogeniti

401 1215 460 1274 etc.
478 1210 578 1275 habet
594 1211 628 1274 in
655 1209 864 1275 donationem
895 1207 1047 1275 Castrum
1078 1219 1112 1276 et
1144 1211 1356 1279 fortalliciam
1386 1211 1529 1278 Nuceria

403 1316 676 1382 Christianorum.
694 1315 828 1386 XXVI.
844 1319 868 1384 J
871 1318 939 1402 unij
958 1317 998 1384 V.
1019 1319 1204 1385 indictione.

423 1539 427 1546 .
515 1498 553 1557 (A
568 1498 710 1563 ›Registri
723 1497 875 1564 Angioini«
890 1499 923 1548 A.
939 1499 980 1548 58.
995 1513 1031 1548 ez.
1048 1499 1131 1564 »Item
1143 1499 1241 1550 Karoli
1254 1501 1290 1551 H.
1303 1499 1450 1554 kdtetebdl
1476 1503 1532 1548 264.

402 1591 465 1654 len,
479 1601 506 1634 u.
520 1600 545 1635 o.
559 1587 667 1640 Nocere
679 1588 834 1640 ekkeriban
847 1586 895 1638 ket
908 1587 1001 1637 reszre
1019 1589 1080 1638 volt
1102 1591 1209 1651 osztva,
1222 1603 1256 1638 az
1281 1589 1423 1654 egyilnben
1444 1602 1531 1638 scars-

403 1677 517 1739 czdnok,
530 1692 547 1726 a
559 1678 704 1728 orasikbnn
722 1678 920 1742 keresztyenek
934 1679 1030 1729 laktak
1041 1695 1048 1742 ;
1061 1683 1154 1729 amezt
1167 1680 1278 1729 Nocere
1300 1679 1335 1729 de
1360 1679 1476 1744 pagani,
1488 1679 1531 1726 ent

404 1767 512 1816 Nocere
538 1766 583 1815 dei
608 1767 818 1820 Christianlnak
836 1767 979 1818 neveztek.
998 1767 1045 1816 Ma
1069 1767 1175 1832 osuptn
1190 1769 1315 1820 »Nocere
1341 1767 1386 1819 dei
1411 1766 1530 1832 Pagonii«

403 1857 522 1922 aneve.)

893 1986 1017 1994 ...—----
1034 1984 1050 1994 e

938 2186 1010 2247 112.

410 2341 542 2406 Marcell
558 2344 684 2429 Ka'roly
711 2346 815 2428 angjo
849 2343 962 2406 didrc'c
992 2342 1119 2406 sicilici
1149 2340 1377 2426 lcirdlyne'nak
1394 2340 1534 2424 bizonyos

601 2451 720 2535 penzek
728 2450 893 2536 felee'telc't
909 2454 1217 2536 nycqtatvdnyoczo.
1239 2450 1336 2512 1292.

512 2627 577 2692 Die
596 2625 635 2694 V.
651 2627 677 2690 J
679 2628 735 2711 ulij
755 2627 795 2695 V.
812 2627 1000 2694 indictionis
1017 2623 1160 2709 Neapoli
1175 2624 1247 2689 Nos
1274 2623 1441 2706 Georgius
1466 2618 1532 2685 Ma·

406 2739 509 2819 gister
525 2734 733 2800 Secretarius
751 2742 783 2799 et
798 2733 968 2801 familiaris
984 2734 1129 2800 Illustris
1147 2731 1271 2798 domini
1296 2731 1402 2815 Regis
1429 2727 1533 2810 Vnga

411 2844 467 2924 rie,
498 2848 533 2907 et
564 2840 755 2908 Dominicns
786 2841 944 2925 Vngarus
975 2839 1109 2905 scutifer
1125 2845 1159 2904 et
1191 2838 1364 2904 familiaris
1396 2834 1533 2903 Illustris

407 2948 537 3013 domine
553 2949 750 3028 Jerusalem,
768 2947 878 3012 Sicilie
895 2947 1091 3031 Vngariqne
1108 2947 1246 3030 Regina,
1262 2951 1380 3011 tenore
1413 2961 1534 3028 presan·

406 3057 450 3120 tis
467 3056 605 3138 apodixe
622 3053 774 3137 latomur,
790 3055 877 3138 quod
893 3053 1136 3138 presentialiter
1161 3052 1345 3136 recepimus
1372 3057 1407 3118 et
1432 3047 1535 3115 habui·

408 3184 481 3226 mus
498 3161 541 3227 ab
557 3161 752 3228 Ansellocto
769 3162 808 3227 de
840 3163 1046 3244 Lumeriaco,
1063 3161 1286 3227 Thesaurario
1320 3166 1354 3225 et
1385 3155 1535 3224 familiari

409 3268 497 3336 dicto
513 3270 650 3350 domine,
666 3271 764 3334 dante
781 3276 814 3336 et
830 3272 977 3336 soluente
994 3271 1088 3335 nobis
1114 3268 1155 3335 ad
1180 3269 1375 3334 mandatum
1401 3264 1536 3332 eiusdem

410 3376 540 3441 domine
557 3398 615 3459 per
631 3377 762 3442 licteras
779 3378 841 3442 sibi
858 3375 993 3459 lactum,
1008 3376 1097 3461 quod
1113 3397 1213 3460 penes
1230 3397 1266 3440 se
1286 3373 1397 3458 habet,
1415 3394 1475 3457 pro
1490 3390 1536 3435 ex·

410 3484 519 3569 pensis
536 3486 656 3550 nostris
682 3487 716 3549 in
742 3485 904 3551 redeundo
935 3484 979 3550 ad
1004 3490 1115 3569 partes
1140 3483 1290 3565 Vngarie
1316 3503 1391 3548 cum
1421 3477 1536 3547 lictoris

357 3631 365 3644 ·
411 3590 499 3656 dicte
514 3590 643 3656 domine
659 3613 718 3675 per
735 3592 871 3657 eandem
897 3593 1062 3658 dominam
1088 3592 1184 3658 nobis
1209 3589 1362 3657 exhiberi
1387 3588 1538 3674 praeisse,

410 3698 451 3764 de
468 3700 608 3782 pecunia
625 3696 725 3764 Ourie
741 3700 827 3765 dicte
852 3699 993 3767 Domine
1019 3703 1155 3766 sistente
1181 3721 1241 3784 per
1269 3720 1388 3764 manus
1415 3716 1495 3773 suas,
1508 3695 1537 3755 vl

410 3806 502 3888 dixit,
519 3807 552 3870 in
568 3806 730 3872 carolenis
747 3807 875 3890 argenti
903 3811 1074 3893 sexaginta
1100 3829 1160 3892 per
1184 3807 1315 3874 nnciam
1341 3800 1535 3892 computatis

416 3912 526 3978 vncias
544 3913 656 3980 decem
672 3915 826 3997 ponderis
842 3915 1014 3999 generalis.

524 4078 637 4140 (Arche,
652 4081 717 4128 fasc.
734 4083 775 4128 62.
791 4080 808 4128 f.
837 4084 878 4130 26.
905 4093 937 4129 ez
963 4081 1037 4130 olasz
1057 4081 1110 4131 kir.
1137 4081 1250 4132 orande
1275 4079 1469 4130 Archivioben
1492 4067 1536 4125 Ni·

412 4166 554 4234 polyban.)

897 4347 1056 4358 Ιυ--υα--υ
