3174 5236
586 341 680 404 1292.

597 540 668 598 103.

84 699 207 764 Murtcll
220 699 342 785 Kciroly
354 699 655 784 Mopyarorezripbc
668 697 1031 780 uzepbuealmazouatar
1042 695 1196 772 tertuum,

197 806 311 870 azot-m
328 803 565 868 urindeukinek
581 803 793 889 pdrtoldeddu
812 803 956 887 ujdulju.
978 803 1071 866 1292.

176 981 339 1066 Scriptum
355 989 403 1047 est
421 1004 478 1064 per
497 981 634 1046 eundem
652 981 814 1044 domiuum
833 980 955 1061 Regem
967 979 1111 1060 Vugsrie
1130 977 1195 1042 vni·

82 1090 175 1154 uersis
190 1097 255 1153 tam
272 1089 423 1153 fidelibus
440 1111 538 1172 quam
555 1087 667 1151 amicis
687 1089 753 1152 suis
771 1095 829 1150 ete.

177 1196 256 1262 Cum
273 1219 331 1260 nos
348 1196 567 1260 venerabilem
591 1195 625 1258 iu
651 1192 783 1258 Christo
811 1199 940 1275 patrem
958 1193 1119 1259 domiuum
1137 1195 1194 1259 Jo-

81 1303 205 1368 hanuem
221 1305 420 1387 Episcopum
437 1300 677 1380 Rauelleusem,
703 1309 734 1363 et
751 1303 837 1364 viros
855 1301 1052 1382 religiosum,
1069 1302 1194 1367 nobiles

80 1417 108 1474 et
123 1411 277 1476 discretos
308 1411 447 1474 fratrem
478 1410 651 1490 llugouem
671 1409 710 1472 de
739 1407 853 1471 Monte
886 1407 1041 1474 Rotuudo
1059 1408 1196 1474 Ordinis

82 1516 171 1582 Sacre
182 1517 306 1582 Domus
317 1517 442 1584 Milicie
453 1516 590 1601 Templi,
608 1515 774 1580 dominum
790 1515 1033 1596 Huguicionem
1050 1515 1090 1580 de
1107 1515 1140 1580 N
1143 1538 1196 1581 ea-

80 1625 138 1710 polj
175 1625 270 1692 duris
288 1623 404 1689 Ciuilis
421 1623 667 1704 Professorem,
693 1631 725 1686 et
752 1619 935 1687 Guariuum
953 1622 992 1686 de
1010 1623 1098 1705 Boys
1115 1621 1197 1691 Val-

78 1733 194 1814 lectum,
210 1733 345 1798 dilectos
362 1731 575 1798 Consiliarios
593 1731 771 1798 familiares
799 1737 832 1795 et
858 1731 994 1796 deuotus
1010 1738 1138 1796 nostros
1155 1729 1199 1794 ad

80 1847 179 1922 partes
196 1840 336 1924 predicti
362 1839 468 1922 Regni
494 1841 599 1904 nostri
626 1839 795 1920 Huugarie
822 1861 882 1921 pro
908 1841 1007 1903 certis
1034 1838 1147 1904 arduis
1165 1843 1198 1902 et

81 1951 232 2032 expressis
265 1949 387 2012 uostris
420 1948 563 2031 seruitijs
595 1948 797 2011 destinamus
831 1945 872 2011 ed
904 1967 1047 2027 prescire,
1075 1947 1197 2010 anticos

81 2061 195 2120 notente
212 2057 408 2139 requirimus
425 2061 458 2120 et
474 2077 637 2138 rogamus,
663 2052 813 2118 fidelibus
839 2053 1053 2136 iniungentes,
1086 2059 1197 2133 ‹luatu-

83 2182 136 2226 nus
150 2163 314 2245 predietos
332 2165 466 2228 nuncios
498 2169 627 2228 nostros
654 2162 928 2244 contemplatione
955 2160 1059 2242 uostrj
1077 2181 1198 2228 recom-

85 2268 244 2334 mendatos
270 2269 435 2350 habentes,
460 2279 491 2334 et
527 2270 696 2353 oportunis
723 2267 870 2332 l'oueutes
903 2267 1032 2346 auxilio,
1064 2266 1198 2332 oonsilio

85 2383 113 2440 et
128 2375 243 2457 fauore,
260 2377 382 2441 nullam
399 2380 445 2442 eis
462 2379 494 2441 iu
512 2377 626 2454 eundo,
643 2375 802 2440 morundo
819 2374 871 2438 uel
899 2375 1062 2440 redeundo
1078 2376 1111 2437 iu
1129 2394 1199 2456 per·

85 2483 162 2547 sonis
178 2491 234 2548 aut
252 2485 349 2548 rebus
376 2485 525 2550 inseratis
550 2489 609 2548 aut
633 2483 837 2566 permictatis
864 2481 975 2565 iut'errj
1005 2481 1199 2560 molestiam,

85 2590 223 2656 iniuriam
233 2591 287 2655 uel
302 2591 477 2672 otl'ensam;
493 2591 668 2674 quinimmo
681 2591 726 2654 eis
737 2588 780 2652 ad
791 2590 1035 2670 requisitionem
1044 2590 1200 2690 ipsorum²

85 2699 108 2760 si
123 2699 291 2782 expediens
309 2699 415 2778 luerit,
433 2699 472 2762 de
491 2721 604 2764 securo
632 2698 793 2762 conductu
824 2697 1006 2761 liberaliter
1023 2695 1199 2780 prouidere

86 2805 184 2872 uelitis
201 2807 341 2887 eisdem3
367 2807 414 2870 ita
440 2807 527 2888 equod
552 2805 642 2870 vobis
669 2806 782 2869 amieis
809 2805 966 2888 speciales
983 2804 1059 2868 iude
1075 2806 1200 2886 gratias

86 2910 259 2994 referentes,
290 2913 404 2978 fideles
437 2913 599 2994 possimus
640 2913 755 2978 merito
798 2910 1027 2976 commendari.
1074 2910 1199 2976 Datum

87 3021 214 3109 Neapolj
233 3021 285 3086 die
304 3019 344 3088 V.
361 3022 481 3088 mensis
499 3019 627 3103 Aprilis
644 3019 684 3086 V.
701 3020 896 3084 indictionis.

182 3201 216 3261 (A
232 3203 315 3266 meg.
331 3171 480 3267 Augioini»
500 3209 539 3250 ta.
555 3217 592 3250 ez.
606 3181 674 3265 fleg.
688 3201 786 3250 Karoli
799 3206 821 3249 1.
836 3201 924 3249 leret.
941 3205 998 3250 224.
1014 3201 1023 3252 l
1043 3215 1049 3262 ;
1069 3215 1095 3250 u.
1109 3202 1145 3261 ο.)

608 3525 679 3585 104.

1 3635 2 3648 i
89 3669 209 3736 Marcell
227 3673 351 3756 Kdroly
367 3671 472 3736 Jonas
491 3671 675 3748 orestes-uela,
705 3669 832 3732 Hearik
858 3669 1049 3751 ldufietuak
1078 3669 1157 3732 Vos·
1174 3669 1205 3730 e'e

88 3777 201 3864 Sopron
226 3780 444 3864 veirrneppe‘lcet
477 3803 497 3840 a
521 3779 683 3862 fronesin
710 3777 825 3841 eteberi
844 3779 903 3862 jop
935 3778 1053 3840 szcrint
1072 3777 1202 3841 edormi·

523 3909 650 3972 προῖκα.
676 3889 767 3948 1292.

189 4065 352 4150 Scriptum
369 4072 421 4129 est
437 4087 494 4148 per
512 4065 648 4128 eundem
666 4063 832 4127 dominum
847 4061 972 4146 Regem
989 4061 1134 4144 Vngarie
1151 4083 1207 4125 no-

91 4167 140 4253 bilj
156 4173 222 4238 viro
238 4172 403 4256 Magistro
419 4173 567 4238 Johauni
585 4171 652 4236 filio
680 4172 815 4236 Heurioi
834 4170 920 4254 Banj
939 4173 978 4235 de
995 4171 1145 4248 Vngaria
1163 4170 1209 4234 di-

1 4258 2 4304 l
95 4275 170 4342 lecto
185 4279 272 4344 fideli
289 4303 348 4345 suo
366 4289 424 4345 etc.

192 4389 285 4454 Cedit
301 4388 396 4452 nobis
414 4389 455 4452 ael
474 4387 612 4468 gloriam
640 4394 672 4451 et
698 4387 930 4450 exaltationem
948 4385 1051 4470 Regis
1070 4386 1210 4468 dignita-

95 4491 141 4570 tis,
156 4498 335 4580 crescitque
352 4495 395 4560 ad
426 4495 598 4560 fidelitatis
625 4495 782 4577 obsequia
807 4494 938 4558 deuotio
956 4495 989 4559 in
1007 4494 1169 4575 subiectis,
1185 4495 1211 4560 si
