3174 5236
366 325 409 384 88
726 339 957 384 nrrnouuczmr
977 325 1144 384 nunnus.

366 498 618 581 obsequentium
635 499 754 562 merita
768 497 908 580 benigne
925 498 1126 580 respicimus
1152 504 1183 561 et
1209 497 1356 579 ipsorum
1370 499 1483 579 petitio-

368 605 464 669 nibus
481 605 700 670 exauditionis
716 605 850 668 ianuam
875 607 1051 687 aperimus.
1077 603 1229 668 Pensatis
1258 604 1367 686 itaque
1393 605 1485 688 gratis

368 712 522 797 seruitijs,
540 733 603 795 que
619 693 751 777 Illustri
767 711 853 794 Regi
870 709 1018 795 Vngarie
1045 711 1211 796 quondam
1236 711 1367 777 domino
1382 711 1487 777 Ladiz.

368 821 421 885 lao
437 820 600 885 auunculo
618 825 731 884 nostro
748 819 918 883 carissimo
929 819 1133 902 prestitistis,
1145 825 1177 883 et
1194 819 1288 885 nobis
1305 818 1348 883 ad
1363 841 1485 902 presens

370 928 405 991 in
421 927 557 1010 agendis
573 928 678 1012 ipsius
695 928 802 1010 Regni
819 926 990 1016 exhibetis,
1008 933 1040 991 et
1059 928 1212 992 exhibere
1242 928 1390 1012 poteritis
1405 926 1461 992 ini
1478 963 1488 976 ·

372 1034 481 1100 furum
496 1059 502 1099 :
519 1035 637 1100 vestris
654 1034 869 1117 petitionibus
895 1039 1074 1099 annuentes
1099 1035 1270 1118 dationem,
1297 1035 1490 1100 donationem

327 1131 331 1142 ’
374 1143 495 1207 iactam
511 1142 604 1207 uobis
621 1149 653 1205 ct
670 1142 836 1226 Magistro
854 1141 998 1223 Georgio
1024 1149 1102 1206 nato
1129 1147 1246 1223 vestre,
1261 1143 1295 1205 in
1312 1149 1492 1225 perpetuum

375 1251 408 1314 in
424 1249 591 1333 pheudnm
608 1249 715 1315 nobile
733 1249 773 1315 de
792 1247 1010 1314 Comitatibus
1037 1247 1190 1332 Sopronij
1209 1255 1242 1313 et
1257 1248 1370 1333 (lastrj
1387 1250 1490 1333 Ferrej

376 1357 416 1422 de
433 1358 643 1441 pertinentijs
659 1356 780 1440 prelati
798 1357 906 1442 Regnj
924 1357 1071 1439 Vngarie
1088 1379 1145 1440 per
1162 1356 1396 1440 Principissam
1410 1357 1493 1440 Mag·

377 1465 507 1530 nificam
523 1466 687 1531 dominam
704 1464 849 1530 Mariam
875 1464 1065 1548 Regnorum
1089 1465 1278 1532 Jerusalem
1285 1471 1328 1530 et
1346 1464 1450 1531 Sicilie
1464 1471 1493 1528 et

377 1577 456 1637 tunc
472 1570 621 1654 Vngarie
638 1571 809 1655 Reginam,
835 1574 1038 1638 carissimam
1064 1574 1229 1639 dominam
1260 1580 1294 1638 ct
1314 1574 1492 1656 genitricem

378 1685 532 1760 nostram,
548 1688 661 1746 tenore
676 1681 880 1763 presencium
897 1681 1146 1764 confirmamus3
1173 1684 1232 1749 sub
1250 1683 1430 1749 conditione
1444 1682 1493 1748 ad·

379 1787 477 1867 iecta,
493 1787 580 1868 quod
598 1787 723 1852 nullum
755 1788 855 1854 alium
887 1787 1063 1855 Dominum
1089 1811 1144 1854 seu
1170 1787 1386 1873 Superiorem,
1410 1809 1495 1871 quam

379 1915 438 1958 nos
455 1898 486 1956 et
501 1892 638 1958 heredes
655 1916 862 1962 successores
879 1902 1010 1963 nostros
1028 1896 1269 1980 recognoscatis
1286 1896 1326 1960 de
1337 1895 1495 1962 Comitati-

379 2004 441 2069 bus
458 2003 667 2086 supradictis,
684 2012 731 2070 set
748 2005 933 2072 Comitatus
950 2008 1076 2091 ipsese
1093 2007 1197 2086 nobis,
1212 2007 1386 2073 heredibus
1396 2013 1494 2071 etsuc·

308 2116 311 2126 '
381 2111 564 2177 sessoribus
580 2113 703 2176 nostris
719 2113 894 2178 immediate
911 2121 943 2178 et
958 2115 992 2178 in
1013 2115 1122 2198 capite
1138 2114 1278 2180 teneatis
1295 2118 1329 2179 et
1344 2113 1496 2198 possidea-

381 2218 434 2300 tis,
450 2217 542 2283 iuxta
558 2239 650 2283 usum
667 2225 698 2283 et
729 2220 998 2286 consuetudinem
1024 2221 1131 2304 Regni
1156 2221 1310 2302 Francie,
1327 2228 1360 2286 et
1376 2221 1433 2286 sub
1449 2220 1495 2284 illo

383 2326 531 2408 seruitio,
550 2326 636 2407 quod
654 2326 803 2410 predicto
829 2329 959 2394 domino
976 2330 1136 2394 auunculo
1162 2335 1276 2394 nostro
1308 2329 1423 2394 exinde
1437 2325 1498 2392 lieri

383 2431 559 2496 consueuit.
575 2432 616 2495 In
633 2433 724 2497 cuius
741 2435 789 2498 rei
805 2435 1025 2500 testimonium
1041 2440 1210 2519 presentes
1225 2434 1361 2500 listerus
1377 2441 1494 2499 nostras

383 2536 476 2602 uobis
493 2538 608 2604 exinde
624 2538 696 2605 fieri
712 2539 856 2622 fecimus,
874 2548 907 2606 et
923 2542 1029 2626 sigillo
1055 2543 1176 2628 prefati
1200 2543 1308 2626 Regni
1324 2543 1426 2608 nostri
1441 2541 1497 2610 Vn-

322 2637 327 2644 ’
384 2645 477 2728 garie
493 2645 646 2711 iussimus
672 2648 872 2733 communirj.
898 2648 1023 2716 Datum
1048 2649 1190 2737 Neapolj
1211 2649 1264 2715 dio
1281 2649 1366 2716 XII.
1384 2647 1497 2736 Aprilis

384 2750 426 2820 V.
442 2752 639 2820 indictionis.

492 2932 527 2995 (Α
544 2933 626 2999 »Reg
641 2933 792 2999 Angioimi«
811 2941 850 2987 12.
864 2951 900 2986 ez.
914 2937 982 3001 Reg.
997 2939 1094 2988 Karoli
1108 2939 1129 2990 1.
1144 2940 1230 2992 kstec.
1246 2943 1296 2990 223
1312 2941 1364 2990 lev.
1376 2955 1382 3003 ;
1395 2954 1420 2988 u.
1438 2940 1470 2997 o.)

871 3137 1030 3147 -.-—-.-..

916 3265 988 3326 105.

388 3401 521 3467 Marcell
543 3403 739 3490 Kdrolynalc
765 3407 903 3491 megbizc'
927 3406 1021 3471 levcle
1047 3409 1318 3496 mupyurorsadpi
1343 3407 1502 3497 mepbctul-

720 3513 891 3598 ncuzottjac'
906 3517 1066 3580 szdma'rc.
1085 3516 1179 3581 1292.

550 3687 821 3754 Procuratorium
837 3691 991 3757 nuncium
1007 3691 1109 3774 Regis
1130 3691 1288 3775 Vngarie.

493 3830 643 3897 Kerolus
671 3835 910 3918 primogenitus
942 3835 1092 3902 Illustris
1123 3837 1314 3904 Jerusalem
1343 3845 1375 3905 et
1405 3836 1502 3905 Sicilie

394 3938 506 4022 Regis,
521 3939 586 4005 Dei
602 3941 711 4022 gratia
728 3940 887 4024 Vngarie,
903 3943 1079 4026 Dalmatio,
1090 3941 1236 4027 Croucie,
1246 3943 1501 4026 Gallicis,an

392 4042 518 4128 Seruio,
534 4046 739 4130 Lodomerie,
772 4049 930 4116 Cumanis
954 4052 1179 4136 Bulgarieque
1203 4052 1286 4136 Rex,
1302 4053 1440 4138 Pinceps
1455 4049 1502 4115 Sa·

389 4153 571 4219 leruitunus
589 4161 622 4221 et
637 4155 783 4222 Honoris
801 4156 925 4223 Montis
942 4157 1057 4225 Sancti
1082 4160 1203 4242 Angeli
1229 4162 1390 4228 Dominus
1404 4167 1503 4224 tenore

389 4261 591 4342 presentium
616 4269 730 4329 notum
755 4263 891 4332 facimus
919 4267 1083 4333 vniuersis.
1115 4267 1166 4333 De
1193 4269 1265 4351 lide,
1295 4267 1463 4354 prudentia
1477 4270 1503 4330 et

390 4371 525 4447 experta
541 4373 726 4436 constantia
753 4372 948 4438 venerabilis
975 4375 1009 4440 in
1034 4373 1167 4441 Christo
1200 4377 1306 4460 patris
1325 4373 1503 4442 domnum-

392 4469 511 4537 hnnnis
526 4473 591 4542 Dei
606 4478 714 4559 gratia
739 4477 949 4546 Rauellensis
976 4483 1144 4566 Episcopi,
1163 4506 1223 4551 uec
1248 4507 1313 4551 nou
1328 4482 1466 4568 religiosi
1479 4487 1504 4548 et
1570 4501 1571 4506 ’
