<?xml version="1.0" encoding="UTF-8"?>
<!DOCTYPE html PUBLIC "-//W3C//DTD XHTML 1.0 Transitional//EN"
    "http://www.w3.org/TR/xhtml1/DTD/xhtml1-transitional.dtd">
<html xmlns="http://www.w3.org/1999/xhtml" xml:lang="en" lang="en">
 <head>
  <title>
</title>
<meta http-equiv="Content-Type" content="text/html;charset=utf-8" />
  <meta name='ocr-system' content='tesseract 3.04.00' />
  <meta name='ocr-capabilities' content='ocr_page ocr_carea ocr_par ocr_line ocrx_word'/>
</head>
<body>
  <div class='ocr_page' id='page_1' title='image "./magyardiplomacz02wenzgoog_0386.png"; bbox 0 0 3244 5236; ppageno 0'>
   <div class='ocr_carea' id='block_1_1' title="bbox 782 358 1207 418">
    <p class='ocr_par' dir='ltr' id='par_1_1' title="bbox 782 358 1207 418">
     <span class='ocr_line' id='line_1_1' title="bbox 782 358 1207 418; baseline 0 -4"><span class='ocrx_word' id='word_1_1' title='bbox 782 370 1015 417; x_wconf 79' lang='lat' dir='ltr'>menonnczmr</span> <span class='ocrx_word' id='word_1_2' title='bbox 1033 358 1207 418; x_wconf 74' lang='lat' dir='ltr'>urrunnun.</span> 
     </span>
    </p>
   </div>
   <div class='ocr_carea' id='block_1_2' title="bbox 427 570 1602 817">
    <p class='ocr_par' dir='ltr' id='par_1_2' title="bbox 427 570 1602 817">
     <span class='ocr_line' id='line_1_2' title="bbox 953 570 1602 638; baseline 0.012 -8"><span class='ocrx_word' id='word_1_3' title='bbox 953 570 1027 630; x_wconf 84' lang='lat'><strong>345.</strong></span> <span class='ocrx_word' id='word_1_4' title='bbox 1600 625 1602 638; x_wconf 33' lang='lat' dir='ltr'>t</span> 
     </span>
     <span class='ocr_line' id='line_1_3' title="bbox 427 649 1602 817; baseline 0.001 -25"><span class='ocrx_word' id='word_1_5' title='bbox 427 731 539 795; x_wconf 77' lang='lat' dir='ltr'>Endrc</span> <span class='ocrx_word' id='word_1_6' title='bbox 555 730 724 794; x_wconf 76' lang='lat' dir='ltr'>calabrici</span> <span class='ocrx_word' id='word_1_7' title='bbox 740 731 868 814; x_wconf 76' lang='lat' dir='ltr'>derczeq</span> <span class='ocrx_word' id='word_1_8' title='bbox 883 730 1026 794; x_wconf 76' lang='lat' dir='ltr'>hirviodt</span> <span class='ocrx_word' id='word_1_9' title='bbox 1042 726 1541 817; x_wconf 67' lang='lat' dir='ltr'>krrldMaqyarorszcyba.13-37.</span> <span class='ocrx_word' id='word_1_10' title='bbox 1600 649 1602 776; x_wconf 79' lang='lat' dir='ltr'>i</span> 
     </span>
    </p>
   </div>
   <div class='ocr_carea' id='block_1_3' title="bbox 314 803 1602 1405">
    <p class='ocr_par' dir='ltr' id='par_1_3' title="bbox 533 803 1602 972">
     <span class='ocr_line' id='line_1_4' title="bbox 533 803 1602 972; baseline 0 -20"><span class='ocrx_word' id='word_1_11' title='bbox 533 889 616 955; x_wconf 88' lang='lat' dir='ltr'>ltem</span> <span class='ocrx_word' id='word_1_12' title='bbox 634 909 694 972; x_wconf 92' lang='lat' dir='ltr'>pro</span> <span class='ocrx_word' id='word_1_13' title='bbox 709 889 818 972; x_wconf 89' lang='lat' dir='ltr'>precio</span> <span class='ocrx_word' id='word_1_14' title='bbox 835 889 937 954; x_wconf 90' lang='lat' dir='ltr'>robbe</span> <span class='ocrx_word' id='word_1_15' title='bbox 952 889 1045 954; x_wconf 86' lang='lat' dir='ltr'>vnius</span> <span class='ocrx_word' id='word_1_16' title='bbox 1070 891 1171 972; x_wconf 86' lang='lat' dir='ltr'>panni</span> <span class='ocrx_word' id='word_1_17' title='bbox 1198 890 1238 954; x_wconf 91' lang='lat' dir='ltr'>de</span> <span class='ocrx_word' id='word_1_18' title='bbox 1269 889 1347 956; x_wconf 79' lang='lat' dir='ltr'>lona</span> <span class='ocrx_word' id='word_1_19' title='bbox 1363 888 1478 955; x_wconf 88' lang='lat' dir='ltr'>coloris</span> <span class='ocrx_word' id='word_1_20' title='bbox 1489 888 1543 971; x_wconf 84' lang='lat' dir='ltr'>jol·</span> <span class='ocrx_word' id='word_1_21' title='bbox 1598 803 1602 936; x_wconf 81' lang='lat' dir='ltr'>i</span> 
     </span>
    </p>

    <p class='ocr_par' dir='ltr' id='par_1_4' title="bbox 429 937 1602 1082">
     <span class='ocr_line' id='line_1_5' title="bbox 429 937 1602 1082; baseline 0 -20"><span class='ocrx_word' id='word_1_22' title='bbox 429 997 496 1079; x_wconf 90' lang='lat' dir='ltr'>lini,</span> <span class='ocrx_word' id='word_1_23' title='bbox 511 997 707 1082; x_wconf 77' lang='lat' dir='ltr'>colligarum</span> <span class='ocrx_word' id='word_1_24' title='bbox 723 998 893 1080; x_wconf 71' lang='lat' dir='ltr'>peronius</span> <span class='ocrx_word' id='word_1_25' title='bbox 909 997 1147 1076; x_wconf 78' lang='lat' dir='ltr'>calciariorum,</span> <span class='ocrx_word' id='word_1_26' title='bbox 1163 1019 1224 1080; x_wconf 84' lang='lat' dir='ltr'>par</span> <span class='ocrx_word' id='word_1_27' title='bbox 1240 999 1331 1062; x_wconf 74' lang='lat' dir='ltr'>nnius</span> <span class='ocrx_word' id='word_1_28' title='bbox 1348 998 1541 1063; x_wconf 84' lang='lat' dir='ltr'>camisierum</span> <span class='ocrx_word' id='word_1_29' title='bbox 1600 937 1602 1038; x_wconf 74' lang='lat' dir='ltr'>i</span> 
     </span>
    </p>

    <p class='ocr_par' dir='ltr' id='par_1_5' title="bbox 314 1081 1602 1188">
     <span class='ocr_line' id='line_1_6' title="bbox 314 1081 1602 1188; baseline -0.002 -18"><span class='ocrx_word' id='word_1_30' title='bbox 314 1121 317 1128; x_wconf 91' lang='grc'><strong>’</strong></span> <span class='ocrx_word' id='word_1_31' title='bbox 429 1107 569 1171; x_wconf 83' lang='lat' dir='ltr'>duarum</span> <span class='ocrx_word' id='word_1_32' title='bbox 585 1102 727 1188; x_wconf 82' lang='lat' dir='ltr'>fostoyni</span> <span class='ocrx_word' id='word_1_33' title='bbox 744 1105 835 1170; x_wconf 79' lang='lat' dir='ltr'>nnius</span> <span class='ocrx_word' id='word_1_34' title='bbox 861 1110 894 1168; x_wconf 86' lang='lat' dir='ltr'>et</span> <span class='ocrx_word' id='word_1_35' title='bbox 918 1104 1059 1187; x_wconf 80' lang='lat' dir='ltr'>corrigie</span> <span class='ocrx_word' id='word_1_36' title='bbox 1083 1106 1186 1184; x_wconf 75' lang='lat' dir='ltr'>unius,</span> <span class='ocrx_word' id='word_1_37' title='bbox 1203 1104 1401 1170; x_wconf 81' lang='lat' dir='ltr'>donata-rum</span> <span class='ocrx_word' id='word_1_38' title='bbox 1416 1126 1473 1188; x_wconf 87' lang='lat' dir='ltr'>per</span> <span class='ocrx_word' id='word_1_39' title='bbox 1487 1104 1543 1168; x_wconf 88' lang='lat' dir='ltr'>dic·</span> <span class='ocrx_word' id='word_1_40' title='bbox 1600 1081 1602 1152; x_wconf 60' lang='lat' dir='ltr'>i</span> 
     </span>
    </p>

    <p class='ocr_par' dir='ltr' id='par_1_6' title="bbox 429 1183 1602 1405">
     <span class='ocr_line' id='line_1_7' title="bbox 429 1183 1602 1298; baseline -0.003 -17"><span class='ocrx_word' id='word_1_41' title='bbox 429 1222 498 1281; x_wconf 86' lang='lat' dir='ltr'>tum</span> <span class='ocrx_word' id='word_1_42' title='bbox 513 1214 639 1279; x_wconf 82' lang='lat' dir='ltr'>Ducem</span> <span class='ocrx_word' id='word_1_43' title='bbox 656 1211 812 1280; x_wconf 75' lang='lat' dir='ltr'>calabrie</span> <span class='ocrx_word' id='word_1_44' title='bbox 829 1212 934 1277; x_wconf 85' lang='lat' dir='ltr'>Paulo</span> <span class='ocrx_word' id='word_1_45' title='bbox 961 1209 1079 1278; x_wconf 84' lang='lat' dir='ltr'>Sclauo</span> <span class='ocrx_word' id='word_1_46' title='bbox 1096 1213 1194 1279; x_wconf 89' lang='lat' dir='ltr'>misso</span> <span class='ocrx_word' id='word_1_47' title='bbox 1210 1235 1269 1298; x_wconf 83' lang='lat' dir='ltr'>per</span> <span class='ocrx_word' id='word_1_48' title='bbox 1285 1213 1422 1279; x_wconf 89' lang='lat' dir='ltr'>eundem</span> <span class='ocrx_word' id='word_1_49' title='bbox 1430 1213 1544 1278; x_wconf 82' lang='lat' dir='ltr'><strong>Ducem</strong></span> <span class='ocrx_word' id='word_1_50' title='bbox 1600 1183 1602 1250; x_wconf 69' lang='lat' dir='ltr'>i</span> 
     </span>
     <span class='ocr_line' id='line_1_8' title="bbox 430 1319 1543 1405; baseline -0.003 -18"><span class='ocrx_word' id='word_1_51' title='bbox 430 1323 463 1387; x_wconf 90' lang='lat' dir='ltr'>in</span> <span class='ocrx_word' id='word_1_52' title='bbox 480 1321 672 1405; x_wconf 83' lang='lat' dir='ltr'>Vngeriam‚</span> <span class='ocrx_word' id='word_1_53' title='bbox 688 1323 740 1385; x_wconf 79' lang='lat' dir='ltr'>vni</span> <span class='ocrx_word' id='word_1_54' title='bbox 758 1341 797 1385; x_wconf 86' lang='lat' dir='ltr'>ex</span> <span class='ocrx_word' id='word_1_55' title='bbox 813 1319 973 1386; x_wconf 80' lang='lat' dir='ltr'>fratribus</span> <span class='ocrx_word' id='word_1_56' title='bbox 989 1321 1059 1387; x_wconf 87' lang='lat' dir='ltr'>eius</span> <span class='ocrx_word' id='word_1_57' title='bbox 1075 1321 1117 1386; x_wconf 81' lang='lat' dir='ltr'>ed</span> <span class='ocrx_word' id='word_1_58' title='bbox 1134 1328 1256 1388; x_wconf 79' lang='lat' dir='ltr'>certem</span> <span class='ocrx_word' id='word_1_59' title='bbox 1273 1323 1433 1388; x_wconf 85' lang='lat' dir='ltr'>rationem</span> <span class='ocrx_word' id='word_1_60' title='bbox 1447 1321 1543 1388; x_wconf 78' lang='lat' dir='ltr'>tareni</span> 
     </span>
    </p>
   </div>
   <div class='ocr_carea' id='block_1_4' title="bbox 430 1429 1544 1512">
    <p class='ocr_par' dir='ltr' id='par_1_7' title="bbox 430 1411 1602 1528">
     <span class='ocr_line' id='line_1_9' title="bbox 430 1429 1544 1512; baseline 0.002 -17"><span class='ocrx_word' id='word_1_61' title='bbox 430 1431 542 1506; x_wconf 80' lang='lat' dir='ltr'>decern</span> <span class='ocrx_word' id='word_1_62' title='bbox 559 1437 593 1494; x_wconf 83' lang='lat' dir='ltr'>et</span> <span class='ocrx_word' id='word_1_63' title='bbox 607 1437 730 1512; x_wconf 84' lang='lat' dir='ltr'>septem</span> <span class='ocrx_word' id='word_1_64' title='bbox 753 1436 785 1493; x_wconf 84' lang='lat' dir='ltr'>et</span> <span class='ocrx_word' id='word_1_65' title='bbox 802 1447 905 1512; x_wconf 82' lang='lat' dir='ltr'>grano</span> <span class='ocrx_word' id='word_1_66' title='bbox 921 1429 1106 1512; x_wconf 88' lang='lat' dir='ltr'>quindecim</span> <span class='ocrx_word' id='word_1_67' title='bbox 1122 1433 1230 1495; x_wconf 82' lang='lat' dir='ltr'>tareni</span> <span class='ocrx_word' id='word_1_68' title='bbox 1247 1429 1398 1498; x_wconf 84' lang='lat' dir='ltr'>XXVII</span> <span class='ocrx_word' id='word_1_69' title='bbox 1419 1453 1465 1512; x_wconf 81' lang='lat' dir='ltr'>gr.</span> <span class='ocrx_word' id='word_1_70' title='bbox 1476 1429 1544 1496; x_wconf 76' lang='lat' dir='ltr'>XV.</span> 
     </span>
    </p>
   </div>
   <div class='ocr_carea' id='block_1_5' title="bbox 538 1573 1602 1657">
    <p class='ocr_par' dir='ltr' id='par_1_8' title="bbox 538 1573 1602 1657">
     <span class='ocr_line' id='line_1_10' title="bbox 538 1573 1602 1657; baseline 0 -15"><span class='ocrx_word' id='word_1_71' title='bbox 538 1595 574 1652; x_wconf 81' lang='lat' dir='ltr'>(n</span> <span class='ocrx_word' id='word_1_72' title='bbox 594 1593 732 1656; x_wconf 76' lang='lat' dir='ltr'>»negutrr</span> <span class='ocrx_word' id='word_1_73' title='bbox 752 1592 901 1657; x_wconf 72' lang='lat' dir='ltr'>mgnum«</span> <span class='ocrx_word' id='word_1_74' title='bbox 922 1593 954 1642; x_wconf 86' lang='lat' dir='ltr'>o.</span> <span class='ocrx_word' id='word_1_75' title='bbox 975 1597 1034 1644; x_wconf 79' lang='lat' dir='ltr'>ero.</span> <span class='ocrx_word' id='word_1_76' title='bbox 1055 1608 1091 1644; x_wconf 66' lang='lat' dir='ltr'>az.</span> <span class='ocrx_word' id='word_1_77' title='bbox 1111 1593 1179 1657; x_wconf 76' lang='lat' dir='ltr'>neg.</span> <span class='ocrx_word' id='word_1_78' title='bbox 1198 1594 1462 1654; x_wconf 73' lang='lat' dir='ltr'>Robert1147.lev‚·</span> <span class='ocrx_word' id='word_1_79' title='bbox 1479 1595 1545 1652; x_wconf 67' lang='lat' dir='ltr'>uo.)</span> <span class='ocrx_word' id='word_1_80' title='bbox 1600 1573 1602 1626; x_wconf 62' lang='grc' dir='ltr'><em>ἒ</em></span> 
     </span>
    </p>
   </div>
   <div class='ocr_carea' id='block_1_6' title="bbox 435 2133 1547 2306">
    <p class='ocr_par' dir='ltr' id='par_1_9' title="bbox 435 2133 1547 2306">
     <span class='ocr_line' id='line_1_11' title="bbox 435 2133 1547 2220; baseline -0.004 -22"><span class='ocrx_word' id='word_1_81' title='bbox 435 2133 465 2198; x_wconf 87' lang='lat' dir='ltr'><em>A</em></span> <span class='ocrx_word' id='word_1_82' title='bbox 483 2136 586 2200; x_wconf 65' lang='lat' dir='ltr'>midai</span> <span class='ocrx_word' id='word_1_83' title='bbox 598 2135 743 2220; x_wconf 65' lang='lat' dir='ltr'>proposi,</span> <span class='ocrx_word' id='word_1_84' title='bbox 758 2134 840 2197; x_wconf 72' lang='lat' dir='ltr'>oiim</span> <span class='ocrx_word' id='word_1_85' title='bbox 856 2135 971 2198; x_wconf 80' lang='lat' dir='ltr'>Robert</span> <span class='ocrx_word' id='word_1_86' title='bbox 998 2135 1125 2220; x_wconf 82' lang='lat' dir='ltr'>Kciroly</span> <span class='ocrx_word' id='word_1_87' title='bbox 1156 2157 1295 2220; x_wconf 73' lang='lat' dir='ltr'>inopyar</span> <span class='ocrx_word' id='word_1_88' title='bbox 1312 2134 1489 2220; x_wconf 73' lang='lat' dir='ltr'>kirrilynnk</span> <span class='ocrx_word' id='word_1_89' title='bbox 1504 2133 1547 2194; x_wconf 67' lang='lat' dir='ltr'>kd</span> 
     </span>
     <span class='ocr_line' id='line_1_12' title="bbox 807 2242 1196 2306; baseline 0 -4"><span class='ocrx_word' id='word_1_90' title='bbox 807 2255 871 2304; x_wconf 81' lang='lat' dir='ltr'>oete</span> <span class='ocrx_word' id='word_1_91' title='bbox 887 2242 1083 2306; x_wconf 70' lang='lat' dir='ltr'>Sicilioban.</span> <span class='ocrx_word' id='word_1_92' title='bbox 1103 2245 1196 2306; x_wconf 80' lang='lat'><em>1337.</em></span> 
     </span>
    </p>
   </div>
   <div class='ocr_carea' id='block_1_7' title="bbox 437 2398 1547 2594">
    <p class='ocr_par' dir='ltr' id='par_1_10' title="bbox 437 2398 1547 2594">
     <span class='ocr_line' id='line_1_13' title="bbox 541 2398 1547 2486; baseline -0.007 -19"><span class='ocrx_word' id='word_1_93' title='bbox 541 2404 605 2468; x_wconf 92' lang='lat' dir='ltr'>Die</span> <span class='ocrx_word' id='word_1_94' title='bbox 622 2402 669 2467; x_wconf 95' lang='grc' dir='ltr'>ΙΙ.</span> <span class='ocrx_word' id='word_1_95' title='bbox 685 2401 825 2484; x_wconf 85' lang='lat' dir='ltr'>predicti</span> <span class='ocrx_word' id='word_1_96' title='bbox 841 2404 960 2468; x_wconf 85' lang='lat' dir='ltr'>mensis</span> <span class='ocrx_word' id='word_1_97' title='bbox 976 2401 1001 2467; x_wconf 90' lang='lat' dir='ltr'>J</span> <span class='ocrx_word' id='word_1_98' title='bbox 1003 2403 1131 2486; x_wconf 85' lang='lat' dir='ltr'>anuarij</span> <span class='ocrx_word' id='word_1_99' title='bbox 1148 2399 1190 2468; x_wconf 79' lang='lat' dir='ltr'>V.</span> <span class='ocrx_word' id='word_1_100' title='bbox 1209 2400 1399 2465; x_wconf 80' lang='lat' dir='ltr'>indictionis</span> <span class='ocrx_word' id='word_1_101' title='bbox 1414 2398 1547 2482; x_wconf 78' lang='lat' dir='ltr'>Neapolj</span> 
     </span>
     <span class='ocr_line' id='line_1_14' title="bbox 437 2509 1471 2594; baseline 0.002 -24"><span class='ocrx_word' id='word_1_102' title='bbox 437 2511 540 2576; x_wconf 90' lang='lat' dir='ltr'>solute</span> <span class='ocrx_word' id='word_1_103' title='bbox 557 2518 632 2575; x_wconf 85' lang='lat' dir='ltr'>sunt</span> <span class='ocrx_word' id='word_1_104' title='bbox 649 2517 748 2593; x_wconf 90' lang='lat' dir='ltr'>prout</span> <span class='ocrx_word' id='word_1_105' title='bbox 763 2510 849 2575; x_wconf 81' lang='lat' dir='ltr'>infru</span> <span class='ocrx_word' id='word_1_106' title='bbox 867 2511 1079 2594; x_wconf 85' lang='lat' dir='ltr'>distinguitur</span> <span class='ocrx_word' id='word_1_107' title='bbox 1095 2511 1129 2575; x_wconf 92' lang='lat' dir='ltr'>in</span> <span class='ocrx_word' id='word_1_108' title='bbox 1154 2509 1313 2575; x_wconf 83' lang='lat' dir='ltr'>carolenis</span> <span class='ocrx_word' id='word_1_109' title='bbox 1335 2509 1471 2591; x_wconf 81' lang='lat' dir='ltr'>argenti,</span> 
     </span>
    </p>
   </div>
   <div class='ocr_carea' id='block_1_8' title="bbox 882 2653 1120 2720">
    <p class='ocr_par' dir='ltr' id='par_1_11' title="bbox 882 2653 1120 2720">
     <span class='ocr_line' id='line_1_15' title="bbox 882 2653 1120 2720; baseline -0.008 0"><span class='ocrx_word' id='word_1_110' title='bbox 882 2653 1120 2720; x_wconf 85' lang='lat' dir='ltr'>videlicet:</span> 
     </span>
    </p>
   </div>
   <div class='ocr_carea' id='block_1_9' title="bbox 418 2973 1551 3494">
    <p class='ocr_par' dir='ltr' id='par_1_12' title="bbox 545 2973 1551 3065">
     <span class='ocr_line' id='line_1_16' title="bbox 545 2973 1551 3065; baseline -0.012 -20"><span class='ocrx_word' id='word_1_111' title='bbox 545 2980 740 3065; x_wconf 83' lang='lat' dir='ltr'>Raymunde</span> <span class='ocrx_word' id='word_1_112' title='bbox 764 2977 970 3062; x_wconf 80' lang='lat' dir='ltr'>hospitutrici</span> <span class='ocrx_word' id='word_1_113' title='bbox 996 2977 1030 3041; x_wconf 92' lang='lat' dir='ltr'>in</span> <span class='ocrx_word' id='word_1_114' title='bbox 1057 2974 1211 3060; x_wconf 81' lang='lat' dir='ltr'>Neapoli,</span> <span class='ocrx_word' id='word_1_115' title='bbox 1237 2996 1320 3060; x_wconf 90' lang='lat' dir='ltr'>quos</span> <span class='ocrx_word' id='word_1_116' title='bbox 1336 2975 1400 3041; x_wconf 90' lang='lat' dir='ltr'>sibi</span> <span class='ocrx_word' id='word_1_117' title='bbox 1416 2973 1551 3039; x_wconf 84' lang='lat' dir='ltr'>dominus</span> 
     </span>
    </p>

    <p class='ocr_par' dir='ltr' id='par_1_13' title="bbox 418 3079 1551 3494">
     <span class='ocr_line' id='line_1_17' title="bbox 438 3079 1551 3172; baseline -0.008 -16"><span class='ocrx_word' id='word_1_118' title='bbox 438 3087 510 3156; x_wconf 86' lang='lat' dir='ltr'>Rex</span> <span class='ocrx_word' id='word_1_119' title='bbox 526 3089 671 3156; x_wconf 87' lang='lat' dir='ltr'>exbiberi</span> <span class='ocrx_word' id='word_1_120' title='bbox 687 3089 834 3172; x_wconf 87' lang='lat' dir='ltr'>prouidit</span> <span class='ocrx_word' id='word_1_121' title='bbox 850 3108 908 3170; x_wconf 92' lang='lat' dir='ltr'>pro</span> <span class='ocrx_word' id='word_1_122' title='bbox 925 3085 1051 3151; x_wconf 91' lang='lat' dir='ltr'>loherio</span> <span class='ocrx_word' id='word_1_123' title='bbox 1082 3085 1239 3149; x_wconf 88' lang='lat' dir='ltr'>lectorum</span> <span class='ocrx_word' id='word_1_124' title='bbox 1256 3091 1389 3168; x_wconf 85' lang='lat' dir='ltr'>septem,</span> <span class='ocrx_word' id='word_1_125' title='bbox 1406 3091 1438 3148; x_wconf 85' lang='lat' dir='ltr'>et</span> <span class='ocrx_word' id='word_1_126' title='bbox 1453 3079 1551 3147; x_wconf 76' lang='lat' dir='ltr'>stallo·</span> 
     </span>
     <span class='ocr_line' id='line_1_18' title="bbox 437 3191 1551 3280; baseline -0.01 -19"><span class='ocrx_word' id='word_1_127' title='bbox 437 3200 493 3280; x_wconf 82' lang='lat' dir='ltr'>gio</span> <span class='ocrx_word' id='word_1_128' title='bbox 508 3217 667 3278; x_wconf 85' lang='lat' dir='ltr'>equorum</span> <span class='ocrx_word' id='word_1_129' title='bbox 697 3203 771 3261; x_wconf 86' lang='lat' dir='ltr'>octo</span> <span class='ocrx_word' id='word_1_130' title='bbox 802 3194 929 3258; x_wconf 85' lang='lat' dir='ltr'>dierum</span> <span class='ocrx_word' id='word_1_131' title='bbox 960 3193 1201 3276; x_wconf 81' lang='lat' dir='ltr'>vigintinouem,</span> <span class='ocrx_word' id='word_1_132' title='bbox 1232 3192 1350 3274; x_wconf 91' lang='lat' dir='ltr'>quibus</span> <span class='ocrx_word' id='word_1_133' title='bbox 1371 3191 1551 3273; x_wconf 83' lang='lat' dir='ltr'>Propositus</span> 
     </span>
     <span class='ocr_line' id='line_1_19' title="bbox 439 3297 1551 3383; baseline -0.009 -17"><span class='ocrx_word' id='word_1_134' title='bbox 439 3303 602 3368; x_wconf 88' lang='lat' dir='ltr'>Budcnsis</span> <span class='ocrx_word' id='word_1_135' title='bbox 617 3301 847 3368; x_wconf 81' lang='lat' dir='ltr'>Ambessiator</span> <span class='ocrx_word' id='word_1_136' title='bbox 865 3302 978 3368; x_wconf 87' lang='lat' dir='ltr'>Incliti</span> <span class='ocrx_word' id='word_1_137' title='bbox 1005 3301 1127 3367; x_wconf 92' lang='lat' dir='ltr'>domini</span> <span class='ocrx_word' id='word_1_138' title='bbox 1152 3301 1253 3382; x_wconf 85' lang='lat' dir='ltr'>Regis</span> <span class='ocrx_word' id='word_1_139' title='bbox 1279 3297 1426 3383; x_wconf 84' lang='lat' dir='ltr'>Vngarie</span> <span class='ocrx_word' id='word_1_140' title='bbox 1442 3299 1475 3362; x_wconf 92' lang='lat' dir='ltr'>in</span> <span class='ocrx_word' id='word_1_141' title='bbox 1493 3297 1551 3360; x_wconf 82' lang='lat' dir='ltr'>eius</span> 
     </span>
     <span class='ocr_line' id='line_1_20' title="bbox 418 3398 1551 3494; baseline -0.006 -21"><span class='ocrx_word' id='word_1_142' title='bbox 418 3421 420 3424; x_wconf 82' lang='grc'><strong>’</strong></span> <span class='ocrx_word' id='word_1_143' title='bbox 439 3410 581 3494; x_wconf 90' lang='lat' dir='ltr'>hospitio</span> <span class='ocrx_word' id='word_1_144' title='bbox 598 3432 720 3476; x_wconf 83' lang='lat' dir='ltr'>moram</span> <span class='ocrx_word' id='word_1_145' title='bbox 736 3413 839 3476; x_wconf 83' lang='lat' dir='ltr'>traxit</span> <span class='ocrx_word' id='word_1_146' title='bbox 884 3445 928 3457; x_wconf 85' lang='lat'><em>-</em></span> <span class='ocrx_word' id='word_1_147' title='bbox 973 3413 1066 3475; x_wconf 75' lang='lat' dir='ltr'>uncia</span> <span class='ocrx_word' id='word_1_148' title='bbox 1082 3409 1102 3473; x_wconf 91' lang='lat' dir='ltr'>I</span> <span class='ocrx_word' id='word_1_149' title='bbox 1118 3415 1251 3473; x_wconf 84' lang='lat' dir='ltr'>toronus</span> <span class='ocrx_word' id='word_1_150' title='bbox 1269 3407 1287 3472; x_wconf 90' lang='lat' dir='ltr'>I</span> <span class='ocrx_word' id='word_1_151' title='bbox 1304 3427 1411 3488; x_wconf 82' lang='lat' dir='ltr'>grane</span> <span class='ocrx_word' id='word_1_152' title='bbox 1427 3398 1551 3471; x_wconf 87' lang='lat' dir='ltr'>XVHI.</span> 
     </span>
    </p>
   </div>
   <div class='ocr_carea' id='block_1_10' title="bbox 530 3567 1523 3639">
    <p class='ocr_par' dir='ltr' id='par_1_14' title="bbox 530 3567 1523 3639">
     <span class='ocr_line' id='line_1_21' title="bbox 530 3567 1523 3639; baseline -0.006 -17"><span class='ocrx_word' id='word_1_153' title='bbox 530 3573 566 3637; x_wconf 76' lang='lat' dir='ltr'>(A</span> <span class='ocrx_word' id='word_1_154' title='bbox 581 3575 664 3639; x_wconf 81' lang='lat' dir='ltr'>»Reg.</span> <span class='ocrx_word' id='word_1_155' title='bbox 678 3574 829 3638; x_wconf 79' lang='lat' dir='ltr'>Angioini«</span> <span class='ocrx_word' id='word_1_156' title='bbox 844 3575 875 3624; x_wconf 87' lang='lat' dir='ltr'>G.</span> <span class='ocrx_word' id='word_1_157' title='bbox 891 3577 950 3623; x_wconf 68' lang='lat' dir='ltr'>nte.</span> <span class='ocrx_word' id='word_1_158' title='bbox 963 3587 1001 3622; x_wconf 82' lang='lat' dir='ltr'>sz.</span> <span class='ocrx_word' id='word_1_159' title='bbox 1017 3575 1084 3636; x_wconf 82' lang='lat' dir='ltr'>Reg.</span> <span class='ocrx_word' id='word_1_160' title='bbox 1096 3572 1193 3623; x_wconf 84' lang='lat' dir='ltr'>Karoli</span> <span class='ocrx_word' id='word_1_161' title='bbox 1207 3569 1243 3620; x_wconf 88' lang='grc' dir='ltr'>Π.</span> <span class='ocrx_word' id='word_1_162' title='bbox 1257 3571 1313 3619; x_wconf 72' lang='lat' dir='ltr'>kot.</span> <span class='ocrx_word' id='word_1_163' title='bbox 1329 3574 1390 3619; x_wconf 72' lang='lat'><strong>243.</strong></span> <span class='ocrx_word' id='word_1_164' title='bbox 1411 3570 1436 3619; x_wconf 88' lang='lat' dir='ltr'>l..</span> <span class='ocrx_word' id='word_1_165' title='bbox 1451 3581 1477 3616; x_wconf 91' lang='lat' dir='ltr'>u.</span> <span class='ocrx_word' id='word_1_166' title='bbox 1490 3567 1523 3616; x_wconf 71' lang='lat' dir='ltr'>od</span> 
     </span>
    </p>
   </div>
   <div class='ocr_carea' id='block_1_11' title="bbox 924 3748 1083 3761">
    <p class='ocr_par' dir='ltr' id='par_1_15' title="bbox 924 3748 1083 3761">
     <span class='ocr_line' id='line_1_22' title="bbox 924 3748 1083 3761; baseline -0.006 0"><span class='ocrx_word' id='word_1_167' title='bbox 924 3748 1083 3761; x_wconf 47' lang='lat' dir='ltr'>‘ht—*dd</span> 
     </span>
    </p>
   </div>
   <div class='ocr_carea' id='block_1_12' title="bbox 971 3953 1073 4034">
    <p class='ocr_par' dir='ltr' id='par_1_16' title="bbox 971 3953 1073 4034">
     <span class='ocr_line' id='line_1_23' title="bbox 971 3953 1073 4034; baseline -0.02 0"><span class='ocrx_word' id='word_1_168' title='bbox 971 3965 1044 4034; x_wconf 75' lang='lat'>347.</span> <span class='ocrx_word' id='word_1_169' title='bbox 1071 3953 1073 3958; x_wconf 80' lang='grc'>’</span> 
     </span>
    </p>
   </div>
   <div class='ocr_carea' id='block_1_13' title="bbox 483 4128 1504 4219">
    <p class='ocr_par' dir='ltr' id='par_1_17' title="bbox 483 4128 1504 4219">
     <span class='ocr_line' id='line_1_24' title="bbox 483 4128 1504 4219; baseline -0.01 -15"><span class='ocrx_word' id='word_1_170' title='bbox 483 4135 598 4204; x_wconf 77' lang='lat' dir='ltr'>Robert</span> <span class='ocrx_word' id='word_1_171' title='bbox 614 4132 741 4200; x_wconf 78' lang='lat' dir='ltr'>sicilici</span> <span class='ocrx_word' id='word_1_172' title='bbox 756 4128 938 4219; x_wconf 76' lang='lat' dir='ltr'>kirdlynak</span> <span class='ocrx_word' id='word_1_173' title='bbox 965 4131 1175 4197; x_wconf 77' lang='lat' dir='ltr'>szdmtnrto‘si</span> <span class='ocrx_word' id='word_1_174' title='bbox 1200 4132 1396 4217; x_wconf 74' lang='lat' dir='ltr'>kdrryveibdl.</span> <span class='ocrx_word' id='word_1_175' title='bbox 1416 4131 1504 4197; x_wconf 80' lang='lat'><em>1337.</em></span> 
     </span>
    </p>
   </div>
   <div class='ocr_carea' id='block_1_14' title="bbox 437 4287 1549 4596">
    <p class='ocr_par' dir='ltr' id='par_1_18' title="bbox 437 4287 1549 4596">
     <span class='ocr_line' id='line_1_25' title="bbox 545 4287 1549 4384; baseline -0.014 -22"><span class='ocrx_word' id='word_1_176' title='bbox 545 4297 607 4364; x_wconf 92' lang='lat' dir='ltr'>Die</span> <span class='ocrx_word' id='word_1_177' title='bbox 625 4295 670 4361; x_wconf 93' lang='lat' dir='ltr'>X.</span> <span class='ocrx_word' id='word_1_178' title='bbox 687 4295 806 4362; x_wconf 81' lang='lat' dir='ltr'>mensis</span> <span class='ocrx_word' id='word_1_179' title='bbox 830 4293 984 4377; x_wconf 83' lang='lat' dir='ltr'>Jonuorij</span> <span class='ocrx_word' id='word_1_180' title='bbox 1011 4289 1052 4361; x_wconf 90' lang='lat' dir='ltr'>V.</span> <span class='ocrx_word' id='word_1_181' title='bbox 1078 4292 1264 4366; x_wconf 81' lang='lat' dir='ltr'>indictionis</span> <span class='ocrx_word' id='word_1_182' title='bbox 1291 4289 1437 4384; x_wconf 81' lang='lat' dir='ltr'>Neapoli</span> <span class='ocrx_word' id='word_1_183' title='bbox 1461 4287 1549 4356; x_wconf 84' lang='lat' dir='ltr'>solute</span> 
     </span>
     <span class='ocr_line' id='line_1_26' title="bbox 439 4401 1547 4488; baseline -0.011 -19"><span class='ocrx_word' id='word_1_184' title='bbox 439 4415 515 4472; x_wconf 89' lang='lat' dir='ltr'>sunt</span> <span class='ocrx_word' id='word_1_185' title='bbox 530 4405 692 4488; x_wconf 82' lang='lat' dir='ltr'>Magistro</span> <span class='ocrx_word' id='word_1_186' title='bbox 718 4405 865 4471; x_wconf 88' lang='lat' dir='ltr'>Roberto</span> <span class='ocrx_word' id='word_1_187' title='bbox 890 4401 1128 4468; x_wconf 84' lang='lat' dir='ltr'>corduhonerio</span> <span class='ocrx_word' id='word_1_188' title='bbox 1154 4423 1213 4486; x_wconf 88' lang='lat' dir='ltr'>pro</span> <span class='ocrx_word' id='word_1_189' title='bbox 1239 4401 1346 4486; x_wconf 86' lang='lat' dir='ltr'>pretio</span> <span class='ocrx_word' id='word_1_190' title='bbox 1374 4401 1547 4467; x_wconf 86' lang='lat' dir='ltr'>soleriorun</span> 
     </span>
     <span class='ocr_line' id='line_1_27' title="bbox 437 4503 1547 4596; baseline -0.008 -16"><span class='ocrx_word' id='word_1_191' title='bbox 437 4514 659 4581; x_wconf 81' lang='lat' dir='ltr'>faciendorum</span> <span class='ocrx_word' id='word_1_192' title='bbox 690 4535 749 4596; x_wconf 90' lang='lat' dir='ltr'>pcr</span> <span class='ocrx_word' id='word_1_193' title='bbox 779 4535 852 4576; x_wconf 88' lang='lat' dir='ltr'>eum</span> <span class='ocrx_word' id='word_1_194' title='bbox 877 4511 920 4576; x_wconf 83' lang='lat' dir='ltr'>ad</span> <span class='ocrx_word' id='word_1_195' title='bbox 945 4533 1027 4594; x_wconf 88' lang='lat' dir='ltr'>opus</span> <span class='ocrx_word' id='word_1_196' title='bbox 1054 4510 1132 4575; x_wconf 82' lang='lat' dir='ltr'>dicti</span> <span class='ocrx_word' id='word_1_197' title='bbox 1159 4508 1282 4573; x_wconf 90' lang='lat' dir='ltr'>domini</span> <span class='ocrx_word' id='word_1_198' title='bbox 1308 4508 1444 4573; x_wconf 86' lang='lat' dir='ltr'>Andree</span> <span class='ocrx_word' id='word_1_199' title='bbox 1460 4503 1547 4572; x_wconf 80' lang='lat' dir='ltr'>Ducis</span> 
     </span>
    </p>
   </div>
   <div class='ocr_carea' id='block_1_15' title="bbox 0 0 1637 5236">
    <p class='ocr_par' dir='ltr' id='par_1_19' title="bbox 0 0 1637 5236">
     <span class='ocr_line' id='line_1_28' title="bbox 0 0 1637 5236; baseline 0 0"><span class='ocrx_word' id='word_1_200' title='bbox 0 0 1637 5236; x_wconf 95' lang='lat' dir='ltr'> </span> 
     </span>
    </p>
   </div>
  </div>
 </body>
</html>
