3234 5238
619 366 713 430 lnce.
1212 377 1228 434 'l

10 519 12 598 ζ
100 545 163 588 nec
178 547 242 590 non
259 535 293 592 et
308 529 392 613 alijs‚
402 551 483 613 quos
499 537 637 602 nouistis
654 540 694 604 de
711 542 830 607 nostris
846 542 1046 610 successibus
1062 549 1230 630 prosperis

10 657 13 724 ε,
100 632 260 699 exultare.
275 635 399 702 Datum
415 639 539 710 Jadarc
558 645 622 710 XI.
638 643 768 730 Aprilis
785 647 891 714 XIII.
911 650 1099 718 indictione.

10 843 12 894 r
97 867 170 930 pory
187 779 406 936 affimabffs
421 787 515 838 Storna
528 787 601 841 uena
615 793 743 844 mnan
762 794 984 846 uena-canno
1006 795 1058 846 111.
1085 798 1143 848 net.
1169 800 1224 849 ne.

10 919 13 948 l
258 905 264 918 ¹
315 907 321 919 ι
351 908 357 920 ι

565 1047 756 1058 ---—-.-.

651 1261 668 1319 7

10 1365 12 1376 ’
98 1371 126 1433 Ι.
144 1371 276 1459 Kdroly
289 1374 420 1440 sicilici
435 1377 616 1466 kirdlyoalt
632 1383 787 1446 condelete
803 1386 841 1448 de
856 1386 963 1452 Saeua
987 1385 1080 1452 Croce
1105 1391 1227 1476 Fotop-

10 1491 12 1544 3
97 1461 168 1539 lucz,
199 1463 281 1548 kopp
311 1487 333 1528 a
365 1487 506 1552 mensule,
538 1471 654 1534 Murio
677 1473 893 1558 berczeqnduel
932 1473 1148 1543 oiaazadrkezd
1172 1482 1229 1544 lta-

10 1545 12 1578 *
159 1552 225 1632 jot
242 1575 281 1614 az
298 1555 433 1640 acbujei
448 1560 576 1645 berczep
591 1561 778 1647 aepitstpe're
795 1562 1054 1630 kttldetteseenek.
1072 1570 1169 1632 1269.

215 1707 382 1795 Scriptum
399 1723 448 1781 est
464 1715 617 1803 Philippo
633 1721 674 1785 de
684 1715 809 1786 Sancta
819 1719 925 1787 Oruce
935 1723 1051 1789 Baroli
1066 1732 1100 1790 et
1110 1727 1226 1792 Mono-

103 1815 193 1895 polis
209 1816 440 1887 Prothontino,

217 1923 375 1993 Volentes
391 1931 531 1997 viriliter
556 1933 622 1998 iam
656 1941 689 2000 et
714 1936 880 2001 robustius
896 1939 930 2003 in
961 1939 1141 2005 subsidium
1172 1941 1233 2004 viri

103 2027 279 2112 Magnifici
295 2032 336 2100 (1.
352 2036 491 2104 illustris
502 2039 666 2126 Principis
676 2041 814 2124 Achaic,
824 2043 987 2110 karissimi
998 2045 1104 2112 affinis
1121 2049 1233 2125 nostri,

10 2160 12 2194 ;
102 2133 276 2204 brachium
291 2141 325 2206 N
327 2149 416 2212 ostre
432 2148 620 2218 Maiestatis
636 2150 822 2234 extendere,
838 2172 877 2216 ac
901 2173 1035 2218 manum
1051 2156 1161 2217 nostre
1175 2174 1232 2236 po-

10 2239 11 2256 *
102 2245 208 2308 tentis
224 2245 408 2317 liberaliter
431 2257 576 2338 aperire;
602 2255 756 2324 fidelitati
781 2265 836 2324 tue
859 2259 1070 2344 precipiendo
1099 2260 1233 2324 manda

10 2381 11 2428 3
102 2369 185 2430 mus,
201 2360 361 2434 quatenus
377 2358 491 2442 viginti
508 2364 653 2445 quinque
669 2365 757 2430 inter
783 2368 905 2450 galeas,
931 2366 1055 2433 teridas
1086 2373 1120 2432 61
1142 2385 1232 2432 usce-

10 2471 12 2556 ζ
102 2457 211 2523 riade
227 2461 373 2528 vassallis
389 2462 661 2536 Ourienostrein
686 2469 821 2554 Apulia,
845 2480 914 2539 tam
939 2495 1003 2558 que
1027 2473 1069 2540 od
1095 2495 1229 2558 presens

10 2561 12 2580 ³
103 2561 225 2629 ibidem
242 2575 438 2654 sunt,quam
471 2577 629 2656 quoad
661 2580 972 2662 recipiendam
1005 2579 1154 2648 liliam
1177 2581 1231 2646 Il-

104 2668 274 2740 lnstris
307 2675 444 2763 Regis
476 2680 689 2767 Vngarie‚
721 2685 920 2752 futuram
954 2709 1105 2753 nurum
1142 2711 1232 2756 nos·
1321 2667 1330 2684 ’

11 2767 13 2874 ξ
104 2782 1031 2876 tramnauigouerintvsquomaritimam
1054 2793 1232 2862 Sclauo-

11 2877 13 2988 ξ
104 2885 186 2966 nie,
207 2909 281 2954 oum
297 2895 436 2960 vussella
461 2897 536 2979 ipsa
559 2899 667 2966 redire
692 2903 875 2986 contigerit,
900 2909 933 2968 ot
964 2904 1089 2986 lignum
1114 2901 1233 2969 subtile

11 2989 13 3040 l
104 3012 204 3058 vnum
221 2993 321 3062 Ouric
337 3008 449 3067 nostre
479 3025 641 3073 remorum
667 3008 1056 3092 quinquagintaduorum
1081 3008 1168 3093 quod
1198 3009 1232 3072 in

11 3119 13 3154 J
104 3099 232 3185 Apulia
263 3127 334 3174 esse
368 3110 498 3192 dicitur,
528 3119 630 3195 atque
663 3114 832 3182 vachettas
861 3122 928 3182 tres
959 3115 1104 3184 eiusdem
1134 3112 1235 3180 (luris

104 3216 227 3294 nostre,
243 3217 355 3296 quein
374 3217 563 3287 Brundusio
594 3243 664 3287 esse
695 3221 855 3303 icnmtur,
890 3244 963 3290 oum
993 3223 1233 3308 gurarnimentis

11 3367 12 3404 p
106 3316 208 3386 adisis
226 3328 260 3388 61
275 3326 425 3392 conredis
441 3329 642 3414 necessarije‚
653 3336 686 3396 61
694 3330 728 3394 in
744 3331 902 3414 predictis
918 3333 1055 3417 uscerijs
1071 3337 1105 3396 61
1119 3327 1233 3397 teridis

11 3431 13 3522 ζ
104 3427 267 3510 tabulatu,
283 3454 342 3499 nec
358 3455 423 3500 non
439 3436 474 3500 in
489 3436 605 3502 teridis
624 3443 659 3503 et
683 3437 821 3504 usceriis
846 3443 990 3522 stangan,
1015 3439 1233 3524 stangarolas,

11 3567 13 3618 1
106 3539 236 3604 transas
253 3547 287 3606 61
317 3544 500 3626 pectoralia
529 3549 694 3628 oportuna
719 3565 779 3628 pro
810 3565 865 3628 cys
891 3544 934 3610 ad
958 3545 1236 3612 transfretandum

11 3683 13 3728 ς
106 3647 322 3730 stabiliendis,
353 3650 429 3716 inde
456 3652 642 3734 specialiter
673 3651 806 3736 quidem
837 3653 950 3735 galeas
982 3673 1044 3734 que
1075 3653 1235 3735 nauigant

11 3741 13 3776 ⁵
106 3775 167 3840 pro
184 3754 373 3838 recipienda
388 3762 422 3822 et
437 3756 574 3824 serenda
590 3779 731 3841 persona
746 3779 846 3824 nurus
870 3763 981 3823 nostre
996 3757 1145 3842 predicte
1162 3781 1235 3824 cum

11 3857 13 3940 ξ
107 3863 250 3930 tentorio
267 3881 325 3929 suo
341 3866 450 3944 rubeo,
466 3865 633 3949 eleuterio,
649 3865 800 3950 bonerijS,
815 3867 1028 3948 pannonibus,
1045 3871 1078 3931 61
1103 3865 1234 3947 quibus-

107 3971 189 4038 libet
204 3971 278 4058 alijs
295 3993 405 4038 rerum
420 3973 657 4056 guarnimentis
683 3979 717 4038 61
741 3974 940 4039 ornamentis
965 3972 1061 4038 iactis
1091 3972 1237 4056 iugales

12 4129 13 4134 η
108 4079 182 4164 ipsa
197 4103 256 4165 pro
267 4081 415 4166 predicta
425 4103 510 4148 nuru
525 4089 639 4149 nostra
649 4081 886 4148 honorabiliter
897 4079 1074 4147 deferenda
1084 4103 1092 4162 ;
1102 4099 1162 4145 neo
1172 4100 1238 4146 non

12 4177 14 4254 s
109 4187 254 4269 quelibet
269 4210 362 4255 arma
379 4191 565 4256 necessaria
579 4191 614 4255 in
625 4190 783 4274 predictis
793 4187 939 4255 vassellis
950 4188 1108 4269 omnibus,
1119 4192 1152 4253 61
1166 4207 1236 4273 spe-

12 4279 14 4334 i
109 4299 237 4365 cialiter
252 4321 314 4384 pro
330 4300 478 4382 qualibet
493 4299 713 4383 predictarum
722 4299 900 4381 galearum,
910 4294 1092 4362 teridtsrum
1102 4302 1135 4363 et
1149 4315 1237 4364 usas-

109 4408 234 4474 riorum
248 4412 379 4474 lanceas
389 4407 530 4474 ferratas
547 4413 685 4487 centum,
702 4408 853 4473 lancones
863 4404 1004 4472 ferratos
1013 4410 1190 4486 trecentos,
1205 4413 1237 4472 et

111 4517 335 4600 quitrellonem
345 4537 442 4583 vnum
452 4521 485 4582 et
496 4517 635 4583 duorum
644 4516 765 4599 pedum
775 4515 840 4580 duo
851 4511 938 4578 mille
950 4535 1023 4582 cum
1033 4515 1133 4580 cassis
1144 4533 1238 4598 opor·
