3170 5234
392 315 457 378 184
752 323 989 376 nrrnonnozmr
1005 313 1171 372 rutnans:

390 491 527 556 firmiter
536 507 747 572 perseuerare
758 487 873 566 velitis,
883 486 1128 553 considerantes
1144 484 1273 568 qualem
1290 486 1389 550 vitam
1404 504 1498 565 qnam·

390 599 502 682 plures
528 596 690 661 dedomo
715 601 823 660 restra
847 595 880 658 in
905 593 971 658 illis
996 593 1144 677 partibus
1170 593 1344 674 Hungarie
1361 593 1499 658 maritate

392 709 642 786 contraxerumt,
671 709 704 767 et
731 703 774 767 ad
802 722 899 783 quem
928 701 1024 766 finem
1049 701 1192 766 finalitsn
1217 706 1453 781 contraxerant,
1476 710 1502 767 et

392 813 534 878 maxime
560 809 603 876 ad
628 830 768 893 presens.
786 807 1034 874 Considerando
1052 829 1149 890 super
1165 829 1203 872 eo
1219 828 1306 888 rere,
1322 811 1407 889 quod
1422 813 1502 876 nobis

393 916 530 983 dicendo
545 918 688 1002 misistis,
704 915 791 999 quod
806 917 896 982 vobis
912 921 1059 981 nostrum
1074 915 1244 980 consilium
1258 915 1390 980 mittere
1404 917 1503 1001 digna

393 1046 503 1090 remur
520 1024 560 1088 de
576 1025 673 1089 modo
691 1029 725 1088 et
740 1025 792 1088 via
807 1023 955 1104 exigendi
972 1022 1077 1086 dictos
1087 1021 1256 1102 denarios3
1272 1023 1358 1088 scire
1372 1045 1426 1089 ros
1439 1025 1504 1090 reli-

394 1153 475 1210 mns,
502 1131 588 1213 quod
614 1129 764 1212 Egregiis
790 1131 868 1197 viris
893 1128 1012 1194 Oomiti
1027 1130 1157 1211 Duymo
1176 1134 1207 1192 et
1222 1131 1336 1196 vestris
1353 1133 1504 1215 consagui-

395 1239 464 1304 neis
474 1259 571 1320 super
585 1237 647 1303 hoo
662 1244 790 1302 nostras
805 1238 934 1304 litteras
949 1236 1158 1319 prouidemns
1174 1236 1339 1303 destinare
1355 1240 1504 1304 eontinen-

394 1352 453 1424 tes,
480 1345 568 1427 quod
592 1366 641 1426 ea,
666 1366 729 1427 que
754 1350 849 1428 pater
865 1350 973 1409 vester
989 1345 1057 1409 cira
1073 1351 1183 1410 vestra
1198 1347 1331 1427 negotia
1347 1345 1507 1411 ordinauit.

396 1475 435 1518 ea
454 1451 596 1516 debeant
605 1453 638 1516 in
649 1452 740 1516 breui
751 1456 784 1516 et
795 1471 866 1514 cum
882 1448 998 1516 effectu
1009 1448 1167 1515 laudabili
1176 1453 1406 1534 percomplere.
1422 1450 1506 1534 Quod

397 1562 425 1625 si
449 1558 594 1642 fecerint,
613 1559 707 1624 nobis
722 1558 882 1641 placebit;
899 1558 1057 1640 alioquuu
1073 1558 1165 1622 illam
1182 1560 1267 1623 viam
1282 1560 1458 1624 tenebimus
1479 1561 1507 1623 iu

396 1668 466 1750 ipso
482 1667 580 1748 lactc,
597 1689 659 1750 que
675 1666 770 1730 nobis
786 1686 845 1748 pro
861 1664 952 1730 vobis
969 1667 1083 1730 melior
1100 1671 1134 1730 et
1155 1666 1265 1730 vtilior
1280 1668 1454 1749 apparebit.
1468 1667 1507 1732 Et

398 1795 495 1858 super
510 1774 574 1839 hoo
589 1772 737 1838 debeatis
747 1778 842 1838 caute
853 1779 886 1836 et
896 1773 1022 1838 solicite
1032 1774 1125 1839 nobis
1136 1773 1326 1857 rescribere,
1337 1775 1472 1856 qualiter
1481 1794 1508 1837 se

399 1881 559 1964 gesserint
582 1883 671 1945 circa
687 1881 777 1946 dicte
795 1881 929 1963 negocia
945 1887 1063 1960 restra,
1080 1887 1252 1964 postquam
1269 1888 1416 1947 nostrum
1431 1903 1507 1945 man·

399 1990 514 2056 datum
543 1991 742 2072 receperint;
762 2010 833 2053 cum
858 1990 1054 2054 intendimus
1079 1990 1220 2071 penitus,
1247 1991 1345 2073 quod,
1372 1988 1509 2072 quicquid

401 2098 527 2164 debetis
545 2098 586 2162 de
596 2099 664 2161 iure
680 2097 837 2179 recipere,
854 2096 1016 2177 habeatis,
1031 2097 1169 2161 firmiter
1184 2103 1420 2179 cognoscentes,
1435 2095 1509 2179 quod

403 2228 476 2272 cum
500 2205 567 2287 illo,
594 2205 681 2287 quod
701 2203 864 2268 habebitis
881 2203 1007 2283 deinde,
1023 2210 1056 2268 et
1072 2203 1128 2268 illo
1145 2204 1232 2286 quod
1247 2204 1409 2271 habebitis
1423 2204 1470 2268 hic
1483 2205 1510 2267 in

402 2312 658 2395 Venetijs,quod
684 2317 734 2376 est
758 2333 857 2393 penes
883 2313 988 2376 aviam
1015 2318 1164 2392 vestram,
1185 2333 1248 2393 que
1268 2318 1341 2377 tota
1357 2303 1525 2378 effectione

404 2419 569 2484 desiderat
578 2419 733 2484 honorem
757 2425 899 2484 vestrum
919 2424 953 2482 et
973 2423 1103 2498 statum,
1119 2418 1270 2500 poteritis
1285 2417 1359 2483 Deo
1377 2420 1469 2484 dante
1485 2419 1513 2482 in

404 2547 595 2610 quocunque
621 2532 708 2591 statu
738 2526 828 2592 vobis
852 2525 999 2608 placibili
1024 2533 1124 2608 atque
1149 2533 1246 2608 grato
1264 2528 1381 2592 ducere
1394 2528 1473 2592 bene
1485 2530 1512 2590 et

403 2632 581 2699 honorifice
606 2634 705 2698 vitam
722 2637 875 2697 vestram.
894 2631 1052 2698 Debeatis
1068 2635 1168 2714 igitur
1185 2642 1302 2701 cuncta
1316 2635 1407 2700 facta
1421 2641 1514 2700 restra

404 2741 578 2824 sapienter,
603 2739 753 2804 ordinate
779 2745 812 2802 et
836 2745 941 2822 ceute,
966 2744 999 2804 et
1024 2741 1116 2806 nobis
1142 2746 1264 2806 statum
1280 2748 1313 2806 et
1329 2743 1514 2808 conditiones

403 2854 526 2915 vestras
537 2869 614 2931 sepe
624 2848 765 2913 scribere
782 2848 948 2926 ordinate,
965 2868 1038 2912 oum
1054 2847 1259 2913 intendamus
1274 2871 1335 2931 pro
1352 2850 1440 2914 vobis
1455 2849 1514 2911 mit·

403 2961 472 3020 tere
497 2960 641 3037 tempore
667 2955 777 3019 debito
802 2963 837 3020 et
867 2956 1073 3037 competenti,
1099 2963 1132 3020 et
1158 2956 1244 3037 qnod
1273 2957 1409 3022 veniatis
1426 2955 1515 3023 Vene-

403 3065 479 3144 tias,
495 3063 579 3126 sicut
602 3084 661 3145 pro
686 3060 778 3126 vobis
804 3067 837 3126 et
853 3062 945 3127 nobis
961 3061 1124 3127 videbitur
1140 3063 1322 3129 conuenire.
1337 3063 1458 3130 Datum
1472 3061 1514 3126 die

405 3170 471 3234 IX.
480 3169 681 3250 Decembris,
698 3169 876 3234 indictione
892 3167 974 3236 VII.

513 3331 548 3392 (Α
573 3327 699 3382 »Secreta
723 3333 829 3382 «czimd
842 3331 981 3384 velenczei
994 3330 1237 3396 dllamlrdnyvben,
1251 3335 1299 3384 1v.
1319 3336 1413 3400 libnyv
1427 3337 1440 3385 5
1452 3345 1516 3396 ηιμ

406 3404 545 3454 velenczei'
558 3419 634 3470 nogy
648 3405 839 3467 leveltarban.)

938 3713 1012 3773 238.

409 3875 600 3962 Gredonipo
617 3874 712 3938 Pe'ter
726 3871 880 3937 velencaei
896 3873 1034 3957 doqeaek
1051 3873 1144 3938 levale
1160 3873 1363 3958 Fronpepcio
1374 3869 1516 3957 Doymlzoz

747 4003 938 4066 upyooozon
956 3983 1090 4067 typhon.
1118 3985 1212 4046 1308.

517 4159 662 4242 Egregie
679 4164 712 4223 et
727 4159 856 4241 potenti
871 4159 940 4222 viro
956 4155 1095 4241 Duymo,
1113 4158 1153 4222 de
1169 4179 1227 4223 suo
1244 4159 1397 4223 mandato
1413 4151 1516 4220 Comiti

409 4264 523 4348 Vegle,
555 4266 644 4330 fideli
677 4264 804 4346 dilecto,
836 4272 869 4330 et
900 4265 1020 4330 Comiti
1039 4263 1208 4347 Vinodoli,
1233 4266 1404 4331 Modrusie
1420 4259 1517 4330 etGa

412 4393 503 4454 cege,
534 4378 568 4437 et
598 4372 710 4456 Signis
742 4375 955 4455 dominatori,
981 4374 1175 4438 salutemet
1201 4375 1325 4438 sincere
1358 4367 1519 4438 dilectionis

415 4477 575 4545 affectum.
591 4479 706 4566 Nuper
723 4481 939 4546 intelleximus
955 4482 1135 4568 Egregium
1160 4483 1265 4548 virum
1276 4478 1434 4548 Comitem
1454 4477 1519 4543 Leo·
