3244 5236
418 335 484 440 '400
764 357 996 438 omnonntirm
1012 373 1179 436 unctui-tri.

421 552 595 618 centesimo
612 551 871 636 quadragesimo,
888 550 941 616 die
957 551 1145 617 duodecimo
1171 549 1290 615 mensis
1309 547 1334 613 J
1335 549 1410 634 unii,
1427 555 1570 616 octare

415 660 610 728 indictionis.

420 858 422 866 r
522 820 995 892 (n»copn‹1ecommem0rian‹
1026 823 1117 874 crimin
1139 823 1276 876 velenozei
1310 789 1569 886 tllnmkitnyvbot

413 911 464 964 m.
484 911 543 963 kbt.
557 919 581 964 2.
595 913 629 964 X.
652 917 712 964 501.
726 915 790 976 lev.)

901 1094 971 1103 --α
996 1095 1009 1100 -
1025 1093 1060 1102 n·-

946 1349 1019 1413 3rs.
1095 1435 1097 1440 Ι

411 1507 447 1576 Ἀ
463 1507 615 1576 velenczei
648 1507 992 1594 kormcinytaodcanot·
1017 1507 1180 1574 mositdoa
1220 1506 1397 1573 dalmatiai
1414 1504 1568 1575 historus*

768 1675 770 1682 .
820 1619 986 1683 szcioodra.
1021 1617 1116 1683 1340.

522 1777 622 1843 Anno
654 1773 788 1841 Domini
818 1767 1028 1843 Moccxn.
1059 1776 1111 1842 die
1141 1773 1217 1842 XII
1248 1775 1350 1842 Jnuii.
1385 1773 1559 1859 Capta:

416 1883 505 1968 quod
530 1883 728 1950 rescribatur
752 1883 873 1948 nostris
890 1881 1120 1952 Provisoribns
1145 1882 1323 1966 Solavonie,
1349 1882 1440 1966 quod
1458 1881 1560 1947 intel-

404 1991 508 2058 ·leotis
522 1992 643 2058 litteris
655 1993 723 2058 suis
738 1991 985 2076 continentibus,
1001 1992 1091 2076 quod
1105 1991 1178 2058 Rex
1193 1993 1283 2057 nullo
1298 1991 1396 2056 modo
1412 1997 1559 2075 propter

404 2101 467 2166 -sui
492 2100 640 2184 corporis
665 2099 900 2179 infirmitatem,
925 2106 958 2166 et
972 2106 1108 2185 propter
1123 2101 1334 2183 invasionem,
1350 2120 1451 2184 quarn
1470 2097 1559 2164 fece·

415 2213 493 2274 runt
517 2205 651 2274 Tartari
675 2227 788 2272 versus
812 2213 924 2289 partes
950 2227 1033 2287 suas,
1059 2216 1132 2275 erat
1149 2208 1211 2275 hoc
1232 2229 1316 2274 anno
1332 2211 1507 2286 venturus,
1526 2214 1559 2271 et

418 2313 507 2398 quod
532 2335 597 2380 non
623 2313 774 2380 restabat
798 2315 844 2380 eis
870 2315 961 2380 aliud
977 2315 1083 2384 facere
1107 2317 1195 2383 oiroa
1222 2317 1269 2382 eis
1289 2314 1474 2393 commissa,
1491 2313 1558 2378 nisi

415 2423 551 2487 visitare
576 2421 722 2505 singulas
753 2428 858 2488 terras
882 2428 1023 2491 nostras.
1055 2424 1302 2508 Respondemus
1334 2423 1390 2501 eis,
1416 2421 1559 2504 quodsi

402 2525 546 2610 nabent,
572 2532 659 2613 qnod
675 2529 748 2595 Rex
764 2551 828 2596 non
844 2530 963 2597 sithoc
979 2553 1064 2599 anno
1080 2539 1240 2610 venturus,
1256 2539 1294 2595 ut
1310 2531 1469 2610 scribunt,
1491 2550 1564 2612 nec

401 2635 529 2720 ‹uliqua
555 2636 621 2703 alia
645 2638 773 2703 nositas
789 2637 905 2705 suisset
920 2659 1105 2721 occursuro,
1120 2661 1181 2705 nec
1196 2659 1368 2707 occurrere
1387 2643 1504 2722 posset
1520 2636 1556 2700 in

417 2743 567 2828 partibus
592 2743 669 2824 illis,
693 2750 726 2810 et
752 2746 839 2828 quod
857 2753 969 2830 partes
986 2747 1042 2814 ille
1060 2755 1093 2813 et
1108 2755 1195 2815 terre
1211 2741 1555 2830 nostre'permanennt

416 2854 451 2917 in
478 2857 568 2916 statu
592 2851 730 2934 pacifico
756 2859 790 2917 et
816 2854 939 2935 quieto,
965 2855 1164 2922 confidentes
1190 2856 1230 2920 de
1255 2873 1314 2920 sua
1329 2853 1504 2937 legalitate
1519 2859 1554 2916 et

416 2958 629 3044 providentia,
652 2959 865 3043 relinquimus
881 2961 916 3026 in
941 2947 1001 3028 sua
1017 2962 1170 3029 libertate
1187 2961 1361 3028 recedendi
1376 2960 1552 3040 Veneriam,

402 3075 450 3132 ot
476 3065 595 3148 standi,
613 3067 695 3132 sicut
712 3073 743 3132 et
760 3068 891 3151 quando
908 3069 955 3136 eis
971 3070 1139 3152 uidebitur,
1155 3071 1293 3136 visitatis
1310 3071 1400 3153 prius
1417 3077 1552 3152 propte·

415 3195 472 3240 rea
497 3173 593 3238 torris
619 3175 748 3254 nostris,
775 3175 861 3240 sicut
884 3197 945 3260 per
970 3179 1101 3246 litteras
1125 3185 1258 3244 nostras
1285 3175 1476 3260 scripsimus
1494 3177 1550 3242 ois.

415 3279 542 3348 Verum
573 3282 599 3345 si
629 3280 790 3348 haberent
820 3283 872 3348 vel
903 3286 1063 3352 sentirent
1094 3287 1205 3370 aliqua
1236 3305 1331 3366 nors,
1346 3305 1404 3368 per
1422 3305 1486 3366 qim
1503 3286 1549 3348 eis

419 3386 587 3452 rideretur
611 3408 701 3453 mora
726 3409 786 3455 sua
810 3390 843 3456 in
868 3392 1019 3476 partibus
1044 3393 1111 3459 illis
1136 3393 1207 3461 foro
1223 3393 1315 3459 utilis
1331 3399 1365 3457 ot
1379 3390 1548 3457 fructuosa

401 3510 476 3576 nro
501 3496 613 3559 nostro
638 3494 762 3560 honoro
779 3501 811 3562 et
827 3498 912 3564 bono
929 3505 962 3564 et
978 3503 1222 3568 conservatione
1237 3507 1405 3566 terrarum
1419 3503 1547 3565 nostra-

414 3703 551 3772 Marcus
576 3708 768 3777 Justiniano
794 3714 887 3778 nobis
913 3735 972 3800 per
997 3738 1072 3783 suas
1096 3718 1226 3785 litteras
1250 3715 1441 3790 declararit,
1457 3715 1544 3797 quod
1601 3729 1604 3796 J

398 3813 480 3895 -ipsi
506 3815 569 3882 duo
595 3817 737 3884 debeant
761 3843 938 3904 remanere,
959 3831 992 3890 et
1011 3825 1116 3893 dictus
1132 3849 1185 3892 ser
1201 3827 1338 3892 Marcus
1354 3825 1379 3891 J
1382 3825 1541 3891 nstiniano
1601 3821 1603 3894 1

414 3915 574 3992 Veneoias
589 3924 713 4008 redeat,
730 3929 814 3994 sicut
830 3931 923 3997 nobis
940 3934 1134 4017 supplicavit
1149 3937 1318 4002 instanter.
1602 3917 1603 3950 ⁴

522 4085 559 4150 <A
574 4087 682 4140 »Misti«
699 4090 786 4143 czimtt
801 4094 939 4146 velenczei
954 4096 1181 4164 sllanrkouyvnol
1195 4099 1270 4150 XIX.
1284 4101 1343 4150 not.
1354 4103 1398 4148 41.
1413 4100 1475 4160 teu.)

928 4370 1024 4380 .ι-σι-.-,,..
