3244 5236
420 387 484 452 356
776 400 1010 450 orenouacznr
1027 391 1194 448 umalama,

417 565 460 630 de
475 561 681 646 beneplacito
697 560 804 645 Regio
830 564 863 626 in
879 583 1010 629 camera
1020 562 1162 646 predicti
1179 559 1303 626 domini
1323 559 1426 640 Regis
1441 555 1537 641 Vnga·

421 672 469 737 rie
496 671 539 737 ad
553 691 634 754 opus
661 691 754 735 suum
770 670 968 753 computatis
984 669 1017 734 in
1036 669 1149 735 eadem
1166 691 1291 734 summa
1307 666 1443 751 pecunie
1457 668 1536 731 vucia

424 801 487 845 vna
513 785 548 844 et
572 778 694 843 tarenis
721 777 836 860 viginti
864 799 924 843 vno
941 799 1000 860 pro
1016 777 1169 842 delatura
1185 777 1331 860 ipsarum
1347 780 1537 859 carpetanum

425 888 464 953 de
477 887 610 952 ciuitate
627 885 781 950 Floreoie
796 883 972 968 Neapolim
989 886 1022 950 in
1046 885 1185 950 carlenis
1201 885 1330 968 argenti

427 1029 1009 1044 -------
1065 993 1158 1058 vncie
1174 991 1322 1057 LXXII
1334 990 1456 1056 tarenis
1470 987 1535 1058 XV.

532 1155 568 1216 (A
577 1155 661 1218 ›Reg
676 1155 826 1219 Angioini‹
842 1157 868 1206 J.
880 1159 940 1206 alo.
955 1169 992 1209 aa.
1003 1156 1071 1220 Reg.
1084 1155 1209 1206 Roberti.
1219 1156 1251 1205 B.
1265 1157 1323 1204 lot.
1338 1159 1396 1205 179.
1410 1155 1460 1204 lev.
1472 1169 1495 1202 u.
1507 1153 1536 1207 o.)

908 1334 984 1341 ’.ῃ
1011 1335 1067 1342 .-...

950 1535 1023 1597 353.

424 1695 539 1758 Robert
555 1691 683 1757 sicilici
698 1693 811 1778 kirtly
827 1691 1008 1780 cegedelruet
1024 1695 1158 1760 haldroa
1170 1693 1269 1758 Aaron
1286 1693 1398 1778 bolgdr
1412 1695 1535 1755 csdazdr·

869 1801 988 1864 crinale.
1006 1804 1101 1866 1337.

531 1959 1283 2044 ProImperatriceBulgarorum.

532 2066 698 2132 Robertus
715 2075 777 2132 etc.
791 2067 963 2149 Magistris
975 2068 1164 2133 Portulanis
1174 2067 1299 2152 Apulie
1318 2066 1462 2134 fidelibus
1476 2066 1533 2129 suis

425 2174 568 2256 gratiam
595 2183 655 2240 etc.
690 2173 778 2258 Quia
795 2175 989 2240 donauimus
1008 2177 1138 2241 nouiter
1153 2175 1336 2241 Excellenti
1354 2174 1534 2257 Principiase
1601 2219 1602 2226 κ

424 2282 554 2347 domine
571 2281 669 2348 Anne
686 2283 894 2366 Imperatrici
911 2282 1129 2366 Bulgarorum
1156 2283 1348 2349 consobrine
1374 2291 1477 2347 nostre
1491 2301 1534 2344 ca·

427 2389 556 2452 rissime
582 2389 622 2454 de
649 2389 811 2454 frumento
827 2389 1065 2455 Massariarum
1091 2397 1278 2456 nostrarum
1294 2390 1417 2473 Apulie
1432 2389 1535 2453 salmas

377 2477 381 2486 ⁵
426 2497 664 2578 quinquaginta
690 2497 732 2562 ad
758 2497 940 2579 generalem
965 2517 1153 2562 niensuram
1170 2499 1209 2563 de
1225 2497 1391 2562 thumunis
1406 2503 1472 2561 octo
1486 2515 1535 2578 per

429 2603 576 2682 salmam,
601 2625 682 2686 quas
708 2604 750 2669 ad
778 2611 886 2688 partes
912 2605 985 2670 illas
1010 2605 1158 2672 volvimus
1184 2605 1369 2690 deportarj;
1401 2601 1535 2670 fidelitati

427 2719 535 2776 vestre
546 2712 751 2794 precipimus,
768 2719 929 2795 quatenus
939 2714 1093 2780 nuncium
1108 2713 1461 2797 pretatelmperatricis
1476 2730 1534 2794 pre·
1599 2711 1600 2726 ¹

426 2825 533 2882 sentes
549 2818 641 2883 vobis
658 2820 792 2884 licteras
808 2821 1028 2902 assignantem
1044 2820 1216 2886 extrahere
1232 2841 1289 2887 seu
1305 2821 1431 2886 extrahi
1444 2818 1535 2884 lacere
1599 2853 1601 2892 ᾗ

371 2979 374 2986 «
425 2925 466 2989 de
491 2926 649 3008 portubus
666 2927 913 2992 Jurisdiotionis
930 2936 1037 2993 vestre
1053 2928 1152 2994 licitis
1169 2935 1201 2992 et
1216 2928 1382 3011 permissis
1397 2935 1427 2992 ct
1442 2926 1479 2990 ad
1493 2945 1535 2990 ex-

425 3036 618 3098 tractionem
643 3034 831 3099 victualium
857 3035 1032 3118 deputatis,
1064 3036 1230 3118 predictas
1255 3034 1408 3100 frumenti
1432 3033 1535 3098 salmas
1600 3109 1601 3112 Ἴ

426 3142 668 3225 quinquaginta
694 3142 737 3208 ad
762 3143 945 3226 predictam
970 3144 1157 3228 generalem
1173 3144 1282 3226 Regni
1307 3165 1482 3210 mensuram
1503 3139 1534 3204 de
1599 3119 1601 3138 Ι

425 3249 590 3313 thumunis
617 3256 690 3314 octo
717 3273 775 3334 per
799 3251 946 3332 salmam,
972 3252 1124 3318 serendas
1149 3252 1268 3318 abinde
1284 3273 1343 3336 per
1357 3272 1445 3318 mare
1460 3256 1534 3314 extra
1599 3257 1601 3340 ζ

427 3355 576 3436 Regnum
595 3378 667 3422 cum
684 3378 759 3424 vase
776 3381 831 3425 seu
847 3361 933 3425 vasis
949 3362 1205 3446 competentibus
1216 3361 1260 3426 ad
1272 3361 1437 3445 predictas
1446 3365 1536 3443 partes
1597 3365 1601 3432 ἶ

426 3463 595 3546 Bulgarie‚
612 3470 643 3529 et
659 3468 883 3532 exonerandas
899 3469 1016 3534 ibidem
1033 3468 1136 3535 libere
1147 3470 1249 3552 ajuro
1261 3468 1409 3552 quolibet
1418 3468 1532 3540 exitura,
1599 3487 1601 3524 ῑ

426 3572 574 3637 vicesima
590 3580 621 3639 et
638 3577 745 3640 tareni
763 3577 831 3642 sine
847 3577 1107 3642 contradictione
1127 3577 1239 3660 aliqua
1248 3578 1465 3660 permiotatis3
1479 3592 1534 3638 rum
1599 3591 1600 3618 ³

423 3678 476 3761 jus
494 3681 599 3763 ipsum
616 3681 718 3746 eidem
732 3683 940 3767 Imperatrici
958 3685 1107 3768 graciose
1118 3685 1305 3750 duxerimus
1316 3683 1533 3752 remictcndum,
1599 3701 1600 3704 ’

426 3786 576 3872 Recepta
592 3797 704 3854 tamen
719 3813 778 3874 per
793 3813 850 3857 vos
867 3793 909 3858 ab
926 3793 1121 3859 extrahente
1146 3815 1203 3859 seu
1217 3794 1459 3861 extrahentibus
1473 3789 1534 3874 ipsis

426 3894 499 3961 loco
514 3897 734 3964 fideiussionis
752 3902 892 3985 prestari
910 3902 1007 3966 solite
1023 3900 1066 3966 ab
1082 3901 1330 3968 extrahentibus
1346 3901 1490 3967 victualia
1504 3893 1533 3960 de

347 4048 352 4052 -
424 4003 537 4088 Regni
555 4007 715 4088 portubus
733 4016 826 4074 extra
842 4010 925 4074 illud
942 4010 981 4075 de
999 4011 1243 4094 responsalibus
1258 4009 1344 4076 infra
1362 4018 1478 4077 certum
1487 4013 1534 4070 ter·

426 4113 551 4177 minum
568 4115 705 4198 ydoneis
722 4116 906 4182 deferendis
923 4140 961 4183 ac
977 4119 1018 4184 de
1034 4120 1178 4202 ipsorum
1197 4122 1426 4185 exoneratione
1442 4117 1533 4181 inloto

423 4220 515 4285 licito
544 4220 694 4290 facienda
716 4225 884 4308 juratoria
909 4228 1135 4293 tantummodo
1153 4229 1303 4293 cautione
1319 4228 1355 4291 in
1370 4222 1529 4292 testimonio

426 4329 559 4410 quidem
576 4331 714 4414 puplico,
740 4334 787 4398 ita
813 4335 902 4416 quod
928 4336 1179 4401 instrumentum
1203 4334 1369 4419 puplicum
1393 4334 1463 4400 iude
1483 4330 1530 4395 fia.
1598 4365 1600 4396 a

428 4436 653 4503 Actendontes
670 4442 811 4522 prouiso.
828 4442 917 4523 quod
934 4445 1117 4509 narrationi
1135 4442 1273 4528 predicti
1289 4443 1439 4508 frumenti
1455 4443 1530 4505 inter·
1598 4457 1599 4476 ³

425 4543 675 4610 aintPortulani
693 4550 817 4632 statuti,
835 4559 866 4614 et
884 4550 990 4631 ipsum
1004 4553 1047 4618 ad
1063 4555 1192 4620 oculum
1204 4550 1343 4636 rideant,
1358 4573 1398 4616 ne
1408 4553 1529 4636 pretextu
