3174 5236
354 385 417 450 104
713 403 947 448 uranonsezmr
970 389 1138 446 aarum.

350 585 450 650 quam
466 583 526 644 per
543 563 687 627 homines
705 559 841 628 Almisii
869 565 1073 644 acceptasset
1098 561 1223 643 aliquid
1254 567 1371 626 contra
1384 561 1487 626 hono·

350 695 419 740 rem
449 673 529 738 dicti
561 671 684 736 domiui
700 671 805 740 Ducis
838 675 872 735 et
888 668 1078 736 Communis
1104 669 1322 737 Venetiarnm
1337 669 1378 734 de
1394 675 1486 734 terra

351 783 456 850 Ferre
473 785 506 846 et
522 779 640 861 Braze,
673 780 724 842 vel
749 780 789 842 de
816 779 926 860 aliqua
951 779 1017 842 alia
1043 784 1143 860 terra,
1168 778 1218 843 vel
1241 779 1314 842 loco
1340 777 1486 843 habente

351 890 526 958 Rectorem
542 911 602 971 pro
619 886 707 950 dioto
724 885 853 949 domino
864 886 956 954 Duce
981 887 1015 950 in
1040 886 1138 949 terris
1163 885 1240 967 suia,
1267 885 1317 950 vel
1333 884 1395 952 sibi
1413 883 1487 949 rub·

351 997 455 1077 iactis,
472 996 657 1062 remanebit
673 1015 706 1058 se
724 993 764 1058 de
782 992 964 1058 huiusmodi
992 998 1255 1077 acceptament03
1271 992 1360 1057 etde
1376 998 1485 1058 cetero

353 1111 471 1170 contra
487 1105 643 1170 honorem
659 1104 729 1168 eins
746 1124 811 1165 non
828 1103 1015 1184 acceptabit
1030 1101 1169 1184 amplius
1183 1101 1227 1165 de
1242 1101 1341 1166 terris
1357 1091 1483 1168 etlocis

352 1212 518 1299 predictis.
550 1211 635 1276 Item
668 1211 756 1293 quod
782 1212 923 1293 predicti
947 1211 1092 1274 homines
1117 1211 1158 1275 de
1183 1207 1335 1289 Almisio‚
1352 1231 1409 1275 seu
1424 1231 1484 1292 per

351 1321 434 1387 ullos
450 1339 570 1398 eornm,
588 1321 639 1385 rel
655 1318 793 1383 alicuius
821 1339 942 1396 eorum,
968 1339 1025 1381 seu
1040 1335 1109 1400 'per
1133 1316 1287 1397 homines,
1312 1317 1369 1400 qui
1385 1338 1420 1384 se
1435 1337 1485 1380 re·

354 1432 522 1511 captarent
538 1449 597 1510 pro
615 1428 670 1507 eis,
686 1427 736 1490 vel
753 1431 863 1491 essent
890 1425 950 1490 sub
976 1446 1086 1488 eorum
1120 1424 1274 1504 dominio,
1296 1445 1361 1488 ιιοιι
1377 1443 1485 1489 accos-

352 1536 469 1602 tabunt
487 1558 521 1599 se
534 1558 607 1600 oum
623 1557 733 1600 eorum
749 1535 838 1617 liguo
854 1533 1018 1616 vellignis
1034 1531 1131 1597 alicui
1146 1532 1198 1597 vel
1213 1531 1378 1616 aliquibus
1394 1532 1484 1615 ligno

353 1643 404 1708 vel
421 1643 519 1726 lignis
536 1641 825 1721 Venetia1·um‚vcl
857 1641 1080 1706 habitatorum
1098 1641 1312 1708 venetiarum
1328 1639 1485 1722 fidelium,

353 1751 403 1814 vel
416 1751 629 1828 subditorum,
641 1772 680 1814 ac
691 1748 944 1813 districtualium
955 1748 1077 1812 domini
1089 1748 1201 1828 Ducis,
1211 1768 1269 1812 nec
1278 1747 1421 1812 inferent
1432 1748 1483 1814 vel

351 1856 597 1936 sacienteis,vel
610 1857 708 1921 alicui
726 1878 847 1938 eorum,
863 1877 922 1919 uec
939 1856 1006 1936 alii,
1016 1855 1066 1920 vel
1083 1855 1164 1937 aliia,
1175 1855 1230 1937 qui
1241 1853 1359 1934 forent,
1370 1855 1448 1920 velf
1467 1893 1479 1905 ·

353 1969 428 2030 rent
453 1965 487 2028 in
507 1964 595 2028 dicto
611 1964 701 2047 ligno
717 1964 769 2026 vol
785 1963 895 2045 ligniS,
912 1962 1074 2045 iniuriam,
1089 1963 1284 2044 molestiam,
1299 1963 1486 2046 dampnum,

354 2073 573 2151 offensionem,
583 2073 634 2136 vel
646 2093 821 2154 granciaco
833 2073 867 2134 in
877 2071 1024 2153 personis
1040 2070 1091 2133 vel
1107 2069 1204 2134 rebus
1220 2068 1435 2134 existentibus
1449 2070 1484 2134 in

353 2180 540 2262 dictoligno
557 2182 607 2244 vel
623 2180 740 2262 lignis,
758 2183 791 2241 et
807 2179 907 2243 etiam
927 2177 1092 2260 predictos
1117 2174 1263 2244 Venetos
1278 2177 1483 2242 habitatores

352 2285 575 2366 Venetiarnm,
585 2287 706 2365 fideles
717 2286 865 2351 subditos
876 2293 908 2350 et
919 2285 1144 2351 districtuales
1155 2284 1236 2349 dicti
1248 2284 1369 2348 domini
1378 2282 1481 2349 Ducis

356 2392 530 2456 existentes
546 2393 580 2455 in
595 2393 694 2474 ligno,
710 2393 761 2458 vel
785 2392 882 2474 lignis
910 2393 1146 2456 forinsecorum
1172 2410 1243 2456 oum
1269 2398 1417 2472 personis
1433 2390 1483 2455 vel

357 2499 455 2564 rebus
471 2521 534 2563 non
552 2498 726 2578 offendent,
742 2521 802 2564 noc
827 2499 873 2562 cis
898 2499 1047 2578 inferent,
1077 2519 1136 2563 neo
1167 2497 1289 2564 facient
1319 2498 1481 2598 iniuriam,

355 2605 549 2688 molestiam,
566 2607 751 2688 dampnum,
769 2605 987 2686 offensionem,
1004 2607 1052 2670 vel
1084 2625 1261 2689 grauemeu
1276 2605 1311 2669 in
1335 2607 1483 2688 personis

355 2711 406 2775 vel
421 2712 519 2777 rebus
536 2735 666 2792 eornm;
683 2714 740 2778 sed
757 2736 812 2778 eos
828 2735 939 2779 onmes
956 2720 989 2777 et
1005 2713 1149 2794 singulos
1164 2733 1358 2779 eorumcnm
1374 2735 1483 2798 perso-

355 2821 406 2884 nis
423 2827 456 2883 et
472 2821 565 2884 bonis
582 2822 729 2886 omnibns
763 2828 795 2885 ct
821 2821 918 2886 rebus
943 2841 1067 2900 eorum,
1092 2825 1160 2884 tam
1185 2821 1219 2884 in
1245 2821 1311 2885 suis
1335 2843 1434 2904 quam
1449 2823 1483 2888 in

355 2925 594 3002 forinsecorum
609 2928 698 3009 ligno
715 2927 884 3008 vellignis,
900 2926 1067 2992 habebunt
1083 2926 1193 2991 saluos
1209 2934 1243 2992 et
1260 2949 1400 2994 securos.
1411 2928 1482 2995 Nec

355 3033 486 3097 venient
501 3033 542 3097 ab
568 3031 708 3098 Ancona
740 3033 825 3098 vltra
857 3055 966 3100 versus
998 3033 1168 3108 Venetiae,
1195 3056 1255 3100 nec
1286 3031 1375 3101 Auia
1399 3037 1483 3102 vltra

354 3163 467 3205 versus
485 3140 652 3221 Venetiae,
668 3141 732 3204 nisi
749 3145 834 3204 esset
850 3145 987 3223 propter
1003 3139 1168 3204 fortunam
1183 3147 1241 3205 aut
1257 3141 1484 3210 austeritatem

354 3249 528 3332 temporis;
544 3248 578 3311 in
596 3269 659 3330 quo
676 3248 805 3330 quidem
837 3248 997 3313 neminem
1029 3245 1191 3312 offendent
1221 3253 1289 3314 tam
1319 3237 1484 3319 Venatum

356 3375 453 3438 quam
470 3355 647 3437 tbrcnsem;
664 3355 721 3419 scd
738 3355 891 3421 redibunt
909 3357 994 3420 vltra
1010 3354 1117 3420 dictos
1134 3356 1286 3436 cortinae,
1312 3379 1411 3443 qnam
1427 3382 1482 3445 po·

354 3466 466 3527 terunt
482 3463 586 3526 citius
603 3463 759 3529 Ceterum
785 3464 812 3528 si
839 3465 1048 3545 contingeret
1067 3463 1177 3546 aliquo
1204 3486 1291 3545 casu,
1323 3467 1411 3549 quod
1427 3489 1484 3551 per

354 3570 477 3634 dictum
492 3570 659 3636 dominum
676 3570 838 3637 Comitem
864 3569 1052 3653 Georgium,
1076 3570 1126 3638 vel
1152 3571 1296 3656 aliquem
1321 3574 1482 3642 hominem

353 3675 494 3760 Almisii,
520 3700 576 3742 seu
603 3679 808 3744 subditorum
840 3700 981 3760 suorum,
1013 3679 1147 3744 daretur
1176 3679 1354 3762 dampnum
1386 3682 1482 3749 alicui

353 3786 480 3855 Veneto
499 3786 654 3866 subiecto,
670 3787 768 3870 fideli,
784 3788 968 3854 habitatori
983 3787 1034 3852 vel
1050 3788 1249 3868 districtuali
1265 3789 1346 3854 dicti
1362 3790 1483 3856 domini

340 3891 456 3959 'Ducis
474 3901 507 3958 et
524 3891 713 3960 Communis
731 3893 962 3977 Venetici-um,
991 3896 1080 3979 quod
1104 3898 1175 3980 ipse
1201 3896 1349 3963 dominus
1366 3899 1482 3966 Comes

352 3999 519 4084 Georgius
536 4008 688 4066 tencatur
706 4008 808 4068 totum
835 4004 1013 4086 dampnum
1037 4004 1118 4068 illud
1146 4003 1269 4085 datum,
1296 4027 1369 4071 oum
1385 4006 1482 4073 fuerit

349 4130 408 4192 per
425 4108 593 4173 dominum
610 4109 737 4175 Ducem
764 4113 966 4194 requisitum,
991 4111 1076 4177 iufra
1102 4133 1199 4177 vnum
1217 4133 1368 4194 mensem,
1394 4119 1479 4198 post-

352 4235 452 4295 quam
474 4215 548 4298 ipsa
564 4222 677 4299 saytca
693 4218 744 4282 vel
760 4216 884 4300 lignum
909 4219 944 4282 in
969 4216 1154 4298 Almisium,
1179 4219 1231 4284 vel
1259 4219 1302 4284 ad
1326 4220 1409 4302 loca,
1434 4222 1480 4287 vel

351 4325 459 4386 terras
478 4344 563 4402 suas,
579 4322 721 4390 fratrum
737 4347 879 4405 suornm,
895 4326 945 4390 vel
971 4327 1106 4390 ulterius
1132 4347 1254 4406 eorum,
1283 4347 1340 4393 seu
1365 4334 1477 4409 terras,

350 4426 402 4492 vel
431 4426 504 4494 loca
533 4429 758 4498 fideiussorum
790 4432 921 4514 redibit,
949 4454 1006 4497 seu
1032 4433 1180 4499 homines
1206 4433 1308 4516 ipsius
1334 4435 1415 4519 ligni
1429 4435 1475 4501 rel

336 4547 339 4556 '
355 4540 476 4620 scytes,
492 4543 550 4602 aut
570 4537 778 4622 discarigatis
794 4541 846 4606 vel
863 4540 971 4606 missis
988 4541 1091 4607 rebus
1107 4541 1251 4624 acceptis
1262 4539 1478 4610 inAlmisium
