3170 5234
621 404 719 478 1³01.

616 717 690 780 205.

109 875 294 940 Aeetenczei
309 878 521 962 kbztdrensa'q
538 877 695 942 kdveteket
712 877 794 940 kttld
820 877 977 944 Milaeaio
1004 879 1119 944 Ietvdn
1136 880 1223 944 szerb

503 985 680 1072 kirdlyboz.
723 989 817 1050 1301.

202 1163 363 1246 Capta:
382 1161 469 1246 quod
485 1161 690 1227 destinentur
706 1163 770 1229 duo
787 1163 1013 1230 embnxatores
1038 1163 1221 1248 Regusium

107 1279 135 1336 et
149 1271 185 1336 de
202 1271 348 1354 Regusio
365 1270 408 1336 ad
424 1270 583 1335 Dominos
600 1271 708 1354 Reges
733 1271 839 1336 Rexie
865 1294 935 1336 com
953 1273 1011 1338 illa
1028 1273 1220 1338 comissione

109 1401 162 1461 qne
181 1378 349 1444 videbitur,

201 1485 362 1570 Copta:
394 1487 480 1569 quod
512 1487 658 1554 dominus
675 1487 751 1552 Dux
768 1491 871 1572 possit
896 1491 1097 1554 committere
1114 1488 1216 1554 nobili

105 1595 164 1659 viro
179 1594 320 1677 Rogerio
337 1593 525 1659 Fusoaseuo
543 1592 721 1678 Capitoneo
747 1597 912 1680 galearum
930 1597 1025 1677 culfi,
1041 1599 1130 1680 quod
1146 1598 1217 1681 ipse

106 1699 296 1784 Oapitnnens
312 1723 385 1765 cum
402 1702 469 1766 suis
487 1703 599 1784 galeis,
630 1705 735 1786 possit
750 1711 783 1768 et
799 1703 918 1768 debeat
934 1703 983 1769 ire
999 1711 1032 1770 et
1048 1711 1135 1771 stare
1152 1704 1219 1771 Ra-

106 1810 190 1891 gusii,
205 1810 287 1873 sieut
303 1808 403 1873 suerit
419 1815 646 1892 opportunum,
662 1832 721 1894 pro
738 1810 923 1877 defensione
940 1811 1026 1876 dieto
1052 1817 1149 1877 terre.

201 1915 360 2000 Capta:
378 1916 464 1998 quod
481 1919 653 1982 mandetur
679 1919 795 1982 nobilis
822 1921 898 1983 viris
923 1919 1039 1986 Mnreo
1059 1917 1216 1986 Michaeli

106 2028 133 2086 et
147 2023 248 2089 Fiofio
264 2024 465 2089 Mauroceno
497 2024 687 2107 Capitnneis
713 2027 882 2108 galearum
908 2033 1103 2108 nostrsmm,
1129 2025 1216 2107 quod

105 2130 133 2194 in
148 2133 250 2197 reditu
267 2155 326 2198 suo
356 2132 490 2197 venient
520 2132 702 2216 Ragnsinm
733 2141 765 2198 et
795 2135 839 2200 ibi
866 2140 1021 2199 moneant
1045 2141 1076 2200 et
1092 2133 1215 2198 faciant

105 2239 181 2320 qnod
198 2239 258 2306 sibi
274 2241 395 2305 bonum
413 2239 591 2322 vedebitur,
607 2263 667 2325 pro
682 2242 767 2308 bono
783 2242 984 2324 negotiorum
996 2243 1035 2306 do
1052 2242 1136 2323 inde,
1151 2261 1216 2304 non

104 2344 240 2409 faciendo
274 2343 318 2408 ibi
350 2351 524 2428 propterea
556 2345 686 2428 longam
717 2367 852 2427 moram,
878 2348 933 2412 sed
951 2347 1045 2431 galee
1061 2345 1216 2412 frumenti

102 2457 178 2515 terre
193 2452 280 2516 illius
296 2453 426 2534 penitus
441 2453 572 2544 veniant
602 2454 725 2536 absque
741 2475 834 2519 mora
849 2453 1004 2520 Venetiae
1021 2461 1054 2519 et
1071 2453 1216 2519 habeant

99 2565 267 2641 respectum
285 2581 381 2642 quem
399 2565 557 2644 poterunt
573 2560 613 2626 nd
631 2569 838 2629 mercatores,

97 2715 128 2784 (A
142 2721 272 2774 velenezei
284 2721 521 2785 kormdnytentcs
546 2723 827 2788 regestakdnyveibdl
841 2725 935 2790 vagyis
946 2725 1064 2788 Regesta
1077 2724 1214 2792 Collegit.)

572 2933 637 2948 ὰ...
667 2939 729 2946 ...-

618 3156 691 3217 206.

96 3307 281 3380 Aeetenczei
298 3315 458 3400 keirmdny
474 3338 494 3377 (ι
512 3315 599 3378 ezerb
624 3311 794 3400 kiro'lyboz
820 3311 944 3378 kttldb'tt
970 3315 1113 3402 kdvetse'q
1139 3321 1207 3380 teir·

519 3423 655 3508 qyetben.
686 3424 778 3485 1301.

193 3599 226 3683 l)
244 3596 433 3682 (Augustus
450 3596 552 3684 e-on.)
572 3597 715 3681 napta
733 3621 740 3664 :
768 3597 855 3681 quod
872 3599 1100 3665 embaxatores
1124 3603 1202 3668 ituri

2 3749 3 3798 3
93 3701 260 3786 Regnsium
277 3707 368 3770 etad
386 3705 494 3788 Reges
527 3707 641 3772 Rnssie
672 3707 815 3772 debeant
847 3709 965 3774 habere
1002 3729 1062 3792 pro
1094 3731 1206 3776 eornm

92 3812 200 3876 salario
217 3814 320 3879 libras
337 3813 413 3876 IIII
439 3835 624 3897 grossorum
642 3838 702 3898 pro
720 3816 867 3898 quolibet
884 3837 1013 3896 eorum3
1030 3817 1057 3880 si
1074 3816 1207 3884 stabunt

90 3917 168 3984 ultre
182 3941 308 3984 menses
325 3921 373 4001 II,
392 3921 533 3986 babeant
550 3921 650 3988 libros
667 3923 735 3987 XL
760 3925 793 3988 in
808 3945 917 3988 mense
933 3944 992 4007 pro
1011 3924 1165 4004 quolibet,
1175 3932 1208 3990 et

90 4025 113 4088 si
128 4048 202 4092 unns
218 4049 331 4093 eorum
347 4028 397 4092 vol
414 4029 509 4094 ambo
526 4031 611 4094 irent
641 4031 730 4095 ultra
746 4031 929 4114 Rognsium
945 4053 1004 4114 per
1020 4035 1145 4095 terram
1162 4031 1205 4096 ed

2 4133 3 4140 ’
89 4129 184 4216 Reges
200 4135 250 4200 vel
260 4135 393 4218 Regem,
410 4136 620 4219 providentur
633 4139 661 4202 ei
678 4139 729 4203 vol
740 4139 786 4203 eis
799 4139 839 4203 de
856 4139 1004 4222 expensis
1019 4138 1206 4204 convenien-

3 4245 5 4316 ξ
89 4240 176 4306 tibus.
192 4245 237 4308 Et
252 4265 316 4306 non
334 4245 460 4326 possint
477 4245 516 4309 do
532 4245 680 4330 Rogusio
698 4249 806 4313 redire
824 4250 891 4313 sine
908 4253 1020 4313 nostro
1037 4245 1206 4332 mandate,

3 4325 5 4452 ἰ
90 4347 166 4414 salvo
180 4352 206 4415 si
222 4351 390 4432 negotium
402 4354 487 4416 inter
499 4353 669 4438 Rognseos
687 4360 720 4418 et
731 4354 839 4437 Reges
849 4354 934 4420 foret
944 4355 1034 4438 prius
1046 4359 1206 4434 aptatum.

184 4455 217 4541 2)
234 4455 339 4542 (Sept.
362 4459 427 4543 14.)
461 4459 626 4544 Capto:
653 4463 740 4546 quod
767 4463 851 4527 siout
877 4463 1108 4528 ambasiatores
1125 4464 1205 4528 ituri

3 4575 5 4650 t
88 4556 257 4644 Rngusinm
270 4565 312 4629 ad
330 4566 455 4647 Regem
472 4565 592 4634 Roscio
611 4569 775 4650 Urosium,
792 4569 912 4635 hebere
929 4570 1091 4637 debebant
1102 4569 1205 4637 libres

3 4665 4 4674 ’
1035 4679 1095 4742 11*
1145 4697 1150 4708 ·
