3170 5234
746 309 981 372 nirrounczmr
999 298 1167 368 esurires.

945 593 1018 657 252.

407 751 521 829 liutem
538 751 665 831 stultiut
682 755 863 844 kirdlyuulc
876 752 1102 841 panaozlevele
1123 751 1187 818 Pctt
1204 749 1404 818 dalrau'cziai
1418 748 1518 853 bdnloz

408 897 429 938 a
446 867 624 937 dalmatiai
640 867 762 955 tmperi
779 863 916 930 kaldzok
931 862 1015 927 attat
1033 862 1193 926 elktiuetctt
1204 857 1406 946 prraztitu'role
1422 859 1451 922 ds
1461 858 1519 922 rol

767 973 858 1040 ldook
875 970 1068 1058 tctrpydbun.
1091 972 1185 1034 1311.

518 1139 579 1204 De
603 1137 773 1224 piratis
798 1131 1089 1201 Dalmatinis.

520 1246 686 1332 Scriptum
702 1251 751 1312 est
766 1242 870 1309 nobili
885 1242 954 1307 viro
971 1237 1065 1304 Bano
1082 1235 1197 1316 Paulo,
1207 1235 1350 1302 Domino
1365 1233 1522 1318 Dalmatio,

414 1352 533 1420 dilecto
550 1361 584 1421 et
600 1354 718 1419 denoto
734 1372 793 1418 suo
820 1348 957 1415 salutem
973 1354 1034 1412 etc.
1056 1345 1124 1413 Pro
1141 1349 1236 1428 parte
1258 1345 1484 1416 Vniuersitetis
1497 1351 1521 1408 ut

413 1461 580 1527 hominum
597 1459 699 1525 'Perre
716 1456 842 1524 Orione
867 1460 1053 1522 nostrorum
1079 1452 1223 1518 fidelium
1249 1451 1312 1518 fuit
1327 1475 1429 1538 nuper
1443 1449 1521 1516 nobis

416 1570 599 1652 expositum
615 1589 688 1634 cum
705 1565 847 1649 querela,
862 1563 951 1646 quod
966 1562 1112 1627 homiues
1127 1559 1192 1642 ipsi
1207 1581 1248 1626 ex
1262 1559 1440 1628 incursibus
1452 1560 1523 1644 pira·

413 1684 521 1744 tarum
535 1674 711 1755 Dalmatio,
727 1672 933 1738 subditorum
958 1691 1016 1736 seu
1045 1667 1259 1734 vassallorum
1275 1675 1451 1736 nestrorum
1466 1671 1522 1753 plu·

416 1785 500 1850 rima
516 1782 781 1867 dampnatorum
805 1786 840 1845 et
864 1776 1059 1844 offensiones
1091 1796 1303 1860 personarum
1318 1777 1523 1856 incurrerunt;

417 1889 509 1972 adeo,
525 1891 612 1973 quod
628 1888 838 1974 quamplures
854 1907 895 1950 ex
919 1884 1041 1950 eisdem
1067 1882 1306 1949 Ortonensibus
1333 1884 1376 1949 ab
1409 1885 1525 1951 immoni

418 1997 619 2083 expositione
645 2003 784 2076 turture,
809 2014 908 2077 quam
932 1989 1098 2075 pertulere
1123 1990 1164 2056 ab
1190 1989 1247 2071 eis,
1263 1990 1438 2057 crudeliter
1453 1994 1526 2058 oble

418 2111 505 2173 runt.
522 2103 574 2173 Ob
591 2127 674 2189 quas
699 2107 843 2189 ipsorum
869 2105 1051 2186 piratarum
1076 2098 1259 2178 violentias,
1284 2099 1382 2166 immo
1407 2103 1526 2167 seuitias

420 2215 602 2299 euitandas,
618 2215 729 2296 alique
744 2219 831 2278 terre
848 2207 1013 2276 maritime
1045 2204 1167 2291 Apulie
1192 2212 1377 2272 nostrorum
1400 2207 1529 2275 fidelium

419 2329 530 2388 coacte
545 2329 622 2388 sunt
638 2328 672 2387 et
688 2329 848 2404 coguntur
862 2319 953 2386 robis
970 2324 1003 2381 et
1018 2314 1173 2399 predictis
1189 2314 1307 2398 piratis
1324 2316 1467 2384 indebita
1481 2321 1529 2384 tri·

420 2431 503 2498 buta
518 2437 675 2516 prestare,
707 2451 744 2494 ac
775 2429 877 2495 etiam
908 2428 981 2512 ipsa
1007 2423 1112 2490 Terra
1129 2419 1255 2488 Ortone
1271 2424 1429 2491 tributum
1444 2427 1530 2493 soluit

420 2538 498 2604 olim
514 2538 657 2604 indebite
673 2537 834 2620 quondam
859 2531 981 2599 Comici
1007 2530 1150 2614 Georgio
1176 2527 1273 2596 fratri
1304 2539 1421 2601 vestro.
1438 2533 1532 2618 Super

424 2645 541 2729 quibus
571 2649 678 2710 restra
709 2643 899 2728 prouisione
930 2640 1045 2726 petita,
1077 2659 1149 2702 cum
1182 2633 1221 2701 de
1245 2640 1426 2720 tranquillo
1455 2651 1531 2708 statu

424 2761 612 2820 nostrorum
628 2751 771 2817 fidelium
787 2759 900 2816 tenera
925 2768 1005 2814 cura
1036 2745 1200 2824 sollicitet,
1216 2751 1250 2809 et
1265 2744 1398 2813 illorum
1413 2751 1533 2818 turbato

423 2862 515 2944 quies
531 2861 640 2927 turbet
656 2881 720 2926 non
735 2860 897 2925 immerito
914 2860 1056 2922 mentem
1086 2859 1231 2918 nostram
1247 2877 1254 2934 ;
1278 2853 1491 2925 Nobilitatem
1506 2873 1533 2928 et

423 2969 630 3036 dilectionem
647 2976 787 3035 vestram
803 2973 931 3034 actente
949 2963 1143 3047 requirimus
1159 2968 1191 3026 et
1207 2968 1361 3045 oriamur,
1388 2976 1534 3050 quatenus

424 3077 578 3163 predictis
611 3074 848 3144 Ortonensibus
880 3072 1023 3156 dampna
1053 3071 1171 3154 passis,
1200 3069 1351 3138 videlicet
1377 3097 1398 3140 a
1413 3077 1536 3159 prelatis

423 3183 563 3250 subditis
579 3183 692 3250 restris
708 3182 881 3266 piraticam
896 3178 1118 3246 exercentibus
1128 3177 1335 3260 pronitatem,
1349 3179 1406 3248 illa
1422 3186 1536 3265 sarciri,

423 3299 457 3358 et
472 3291 585 3358 ablate
600 3293 646 3358 eis
678 3312 738 3376 per
769 3291 844 3357 illos
862 3311 933 3355 oum
963 3287 1156 3370 integritate
1181 3287 1353 3353 restituere
1378 3313 1473 3377 vsque
1500 3291 1538 3357 ad

424 3399 605 3483 quindecim
622 3398 691 3464 dies
707 3399 750 3464 ad
776 3398 913 3478 tardius,
939 3394 1160 3462 numerandos
1186 3415 1206 3458 a
1232 3393 1284 3458 die
1300 3417 1364 3479 quo
1380 3409 1537 3482 presentes

424 3505 557 3572 licterus
573 3505 772 3590 receperitis,
798 3503 963 3582 facientes,
989 3500 1120 3566 eosdem
1151 3499 1298 3566 subditos
1317 3511 1443 3571 vestros
1458 3507 1536 3574 dein·

425 3635 500 3697 ceps
517 3633 538 3678 a
554 3611 838 3697 dampnificetione
871 3617 905 3677 et
935 3609 1110 3675 offensione
1141 3607 1284 3691 ipsorum
1305 3610 1537 3694 Ortonensiun,

427 3720 632 3803 aliorumque
649 3727 834 3787 nostrorum
850 3719 1004 3802 fidelium,
1035 3718 1174 3783 maxime
1209 3717 1379 3800 regionum
1413 3721 1538 3808 Aprutij

426 3838 460 3895 et
474 3829 608 3914 Apulie‚
623 3851 682 3914 per
699 3837 806 3896 vestre
831 3828 1005 3913 potestatis
1021 3825 1163 3892 officium
1188 3826 1291 3892 artius
1318 3834 1538 3915 compescatis;

425 3959 547 4021 rosque
563 3939 721 4005 tributum
751 3937 886 4020 aliquod
919 3957 982 4000 non
1014 3934 1152 4017 exigatis
1178 3935 1217 3999 de
1248 3941 1356 4002 cetero
1373 3938 1417 4004 ab
1432 3939 1541 4008 eisdem

426 4047 548 4112 nostris
563 4045 722 4127 fidelibus,
739 4069 798 4113 nec
813 4046 976 4130 peripsos
993 4043 1118 4128 piratas
1128 4042 1213 4125 exigi
1224 4046 1444 4128 permisistis3
1460 4051 1542 4134 quin·

423 4157 522 4224 immo
555 4155 582 4218 si
609 4154 687 4238 quid
704 4154 746 4220 ab
762 4155 809 4221 eis
835 4175 894 4240 per
919 4174 976 4218 vos
1001 4151 1053 4216 vcl
1077 4156 1204 4216 vostros
1230 4150 1314 4237 (igy)
1341 4156 1488 4223 subditos
1503 4163 1542 4220 est

426 4269 584 4342 exactum,
615 4264 787 4329 restituere
818 4263 967 4347 protinus
999 4267 1032 4324 et
1063 4259 1190 4325 restitui
1222 4259 1331 4326 iacere
1363 4265 1540 4346 procuretis.

429 4369 592 4454 Alioquin
609 4372 777 4452 noueritis,
805 4369 892 4453 quod
918 4391 983 4437 non
1008 4389 1177 4454 possemus
1195 4367 1307 4435 deesse
1322 4369 1421 4439 dictis
1436 4373 1541 4440 nostris

426 4475 584 4570 fidelibus,
600 4501 659 4548 nec
674 4477 818 4550 finaliter
833 4479 1026 4562 deessemus,
1044 4477 1123 4562 quin
1140 4498 1194 4542 eos
1211 4477 1253 4546 ab
1276 4477 1415 4565 iniuriis,
1429 4482 1543 4580 dispeu-
