3244 5236
488 317 505 356 ⁵
593 318 602 350 ³
641 342 752 430 talo.
899 345 903 352 ’
1192 319 1264 434 ‘aar

139 531 186 605 st
202 541 289 625 quod
304 540 380 610 licet
396 544 478 609 certi
495 541 679 626 reddamur,
694 523 790 627 quod,
805 547 840 608 rt
855 543 915 608 hec
924 542 1062 611 intentio
1072 544 1179 630 Regia
1190 567 1269 630 erga

128 639 272 744 [nostros
296 656 454 730 seruetur,
483 648 660 716 efficaciter
685 648 891 734 prouidebit3
926 657 1034 716 tamen
1058 652 1269 720 Maiestatem

141 754 242 822 Suam
257 757 374 824 deuote
390 779 569 839 exoramus,
587 764 746 843 quatenus
762 764 875 824 nostro
891 760 1012 824 intuitu
1020 759 1160 844 mandet,
1176 761 1269 826 etsie

140 863 356 932 effectualiter
371 865 472 932 faciat
487 865 664 949 prouideri,
681 866 769 948 quod
785 866 888 932 nostri
904 873 1100 932 mercatores
1115 889 1188 933 cum
1204 869 1269 932 suis

138 971 238 1037 rebus
263 971 368 1038 eundo
394 976 427 1038 et
451 971 617 1040 redeundo
634 994 694 1057 per
708 972 867 1056 Regnum,
891 978 961 1038 tute
976 973 1078 1040 libere
1094 982 1126 1040 et
1140 973 1270 1042 fauora-

141 1079 257 1145 biliter
281 1085 473 1161 tractentur,
498 1082 582 1148 sicut
608 1079 647 1146 de
672 1081 915 1166 propinguitate
940 1101 1001 1150 sua
1025 1080 1213 1149 confidimus
1238 1087 1271 1148 et

140 1207 320 1272 speramus.

251 1368 289 1430 (Δ
303 1365 413 1422 ›Missi‹
427 1370 519 1422 czimd
532 1367 672 1422 velenczei
685 1369 917 1438 allamktnyvbtl
929 1367 1008 1426 XIX.
1022 1372 1081 1423 kot.
1096 1373 1136 1422 38.
1150 1369 1215 1440 lev.)

627 1549 786 1560 fi-——n--ffl-

675 1715 747 1780 376.

133 1921 139 1930 -
158 1877 191 1940 A
212 1875 362 1940 velenczei
377 1873 724 1961 kormdaytoadceaok
739 1874 901 1942 utasitdsa
917 1873 1098 1942 dalmatiai
1114 1869 1249 1944 dirtosas‘

570 1985 731 2046 eadmero.
749 1982 844 2047 1340.

141 2145 145 2153 ’
254 2157 353 2225 Anno
369 2156 503 2226 Domini
513 2155 720 2228 MCCOXL.
737 2159 790 2225 die
807 2157 1092 2232 sabathJunii.
1109 2159 1271 2248 Capta:

136 2265 244 2354 ,Quod
268 2268 469 2334 rescribatur
493 2268 614 2334 nostris
639 2267 870 2335 Prouisoribus
896 2267 1080 2353 Solanonie,
1110 2271 1272 2354 quomodo

142 2375 311 2459 recepimu
326 2375 456 2441 litteras
473 2396 548 2440 suas
565 2374 659 2441 datas
670 2374 757 2442 Arbi
772 2376 950 2460 penultimo
960 2375 1054 2458 Maii,
1071 2379 1273 2445 continentes

144 2482 188 2548 de
203 2482 408 2566 parlamento
425 2481 592 2548 celebrato
607 2505 666 2568 per
683 2505 737 2550 eos
753 2505 825 2549 cum
839 2482 968 2568 Duymo
985 2490 1018 2548 et
1033 2483 1195 2552 Bartholo
1213 2477 1275 2552 Co·

138 2577 282 2682 [mitibus
298 2588 414 2672 Vegle,
439 2596 472 2656 et
495 2589 558 2654 hiis
584 2589 743 2672 omnibus,
769 2611 830 2674 que
856 2591 899 2657 ab
925 2590 972 2655 eis
988 2589 1173 2656 habuerant
1188 2590 1275 2659 circa

138 2697 326 2784 ,aduentum
341 2695 445 2781 Regis
461 2696 634 2782 Hungarie
651 2706 710 2764 etc.
735 2697 807 2782 Quo
823 2700 931 2764 omnia
946 2699 979 2763 in
996 2698 1043 2763 eis
1060 2703 1211 2764 contenta
1227 2701 1275 2765 in-

142 2805 334 2872 telleximus
350 2805 393 2870 ad
408 2803 547 2890 plenum.
563 2807 609 2872 Et
626 2806 704 2888 quia
719 2805 753 2870 in
769 2805 865 2872 dictis
880 2805 1002 2871 litteris
1017 2805 1103 2869 inter
1118 2804 1185 2871 alia
1200 2827 1275 2870 con·

144 2914 281 2996 tinetur,
306 2913 402 2998 quod,
427 2914 557 2996 quando
585 2914 704 2998 scripte
727 2913 860 2978 fuerunt
885 2913 932 2978 cis
948 2913 1059 2978 littere
1076 2912 1218 2978 Ducales
1235 2914 1275 2977 de

144 3019 313 3086 visitando
331 3020 476 3105 singulas
492 3027 598 3088 terras
615 3027 753 3103 nostras,
769 3019 939 3104 putabant,
956 3015 1086 3102 quodid
1097 3019 1276 3084 eisiniunc·

144 3136 220 3196 tum
235 3128 351 3194 suisset
367 3131 536 3196 occasione
550 3130 710 3196 aduentus
724 3127 837 3214 Regis,
854 3129 911 3211 qui
926 3124 996 3193 iore
1011 3124 1151 3192 forsitan
1167 3125 1276 3190 crede·

144 3237 265 3304 batur:
281 3238 513 3320 respondemus
530 3239 587 3318 eis,
611 3236 698 3320 quod
713 3237 795 3304 bene
811 3234 1028 3302 intelleximus
1043 3255 1102 3318 per
1118 3253 1193 3299 suas
1208 3231 1277 3317 plu⁴

145 3366 202 3426 res
218 3344 358 3426 litteras,
372 3344 550 3411 secundum
567 3345 654 3428 quod
668 3345 863 3426 habuerunt,
879 3343 967 3427 quod
976 3341 1048 3407 Rex
1064 3361 1124 3426 pro
1134 3339 1278 3425 presenti

147 3474 237 3518 anno
254 3450 299 3516 ad
313 3453 373 3517 has
389 3459 500 3536 partes
516 3473 581 3518 non
597 3460 668 3518 erat
684 3451 899 3538 profecturus,
926 3450 983 3516 sed
1000 3448 1088 3542 dato,
1105 3449 1193 3531 quod
1209 3470 1276 3514 non

146 3561 266 3626 suisset
281 3565 443 3640 venturus
460 3557 690 3625 nichilominus
701 3559 744 3625 ad
754 3559 917 3625 cautelam
928 3563 1029 3640 etpro
1041 3555 1278 3622 confortatione

147 3673 338 3733 nostrarum
364 3675 527 3734 terrarum
553 3673 586 3733 et
602 3668 722 3734 ciuium
738 3689 850 3734 earum
866 3667 969 3732 risum
984 3664 1047 3730 fuit
1062 3662 1164 3745 nobie,
1191 3662 1278 3744 quod

148 3775 258 3841 dictas
282 3781 389 3842 terras
408 3775 541 3842 visitare
557 3775 714 3842 deberent
729 3797 788 3860 per
803 3772 942 3852 modum,
968 3793 1061 3854 quem
1078 3769 1279 3854 suprascrip-

149 3884 252 3947 simus
269 3884 325 3963 eiS,
342 3889 374 3948 et
390 3889 505 3966 totum,
523 3883 608 3967 quod
625 3881 799 3948 sensissent
815 3881 855 3947 de
865 3880 1030 3946 voluntate
1048 3898 1157 3943 eorum
1173 3880 1207 3940 et
1223 3875 1280 3940 ad·

147 3996 251 4056 uentu
267 3990 379 4076 Regis,
405 3991 502 4064 nobis
519 3990 686 4056 declarare
703 3994 913 4067 carmentet
928 3983 1100 4069 superinde
1116 3980 1281 4067 prouideri

147 4098 255 4182 possit
270 4119 330 4182 per
345 4119 413 4183 noe,
430 4099 513 4164 sieut
529 4104 614 4164 esset
629 4118 786 4163 neccesse.
810 4096 897 4161 Item
912 4093 1074 4161 scribatur
1091 4091 1185 4157 dictis
1200 4090 1281 4155 Pro-

149 4204 324 4291 uisoribus‚
360 4205 503 4288 ‹proliter
527 4205 707 4289 recepimus
733 4224 807 4269 suas
833 4202 960 4268 litteras
986 4200 1081 4266 datas
1106 4198 1203 4264 Neue
1229 4199 1282 4263 die

150 4313 269 4394 quinto
287 4313 312 4379 J
313 4312 390 4397 unii,
415 4335 487 4379 cum
512 4314 629 4396 quibus
645 4315 812 4391 miserunt,
838 4310 935 4376 dictis
951 4308 1072 4373 litteris
1088 4305 1282 4390 interclusis,

151 4419 268 4502 aliqua
292 4421 493 4505 exemplaria
518 4439 675 4486 nouorum
701 4423 747 4484 eis
772 4419 1012 4483 destinatorum
1036 4437 1095 4499 per
1123 4411 1284 4482 Comitem

150 4524 362 4618 Gregorium,
390 4530 517 4595 scilicet
533 4529 561 4594 ei
579 4531 773 4616 scriptorum
789 4549 849 4614 per
865 4524 987 4592 dietum
1002 4523 1137 4612 Regem,
1152 4530 1185 4590 et
1203 4524 1284 4592 alios
