3170 5234
554 355 649 417 1305.
1100 351 1162 418 173

2 576 3 608 ;
53 526 186 596 humanis
211 533 254 598 sit
268 533 366 597 rebus
381 535 566 612 assumpta3
597 529 759 594 mandetis
776 530 887 593 statim
901 530 1061 595 uniuersis
1079 530 1161 594 Pro-

2 661 3 702 3
52 637 230 705 uincialibus
248 636 385 704 Ordinis
411 637 574 720 prelibati,
600 637 687 720 quod
703 635 766 720 ipsi
780 654 839 720 per
855 658 965 702 omnes
981 639 1083 720 ipsius
1100 637 1162 703 Or·

2 727 3 738 ¹
52 742 125 810 dinis
138 745 257 812 iratres
272 745 464 812 tantundem
480 746 514 808 iu
529 745 636 810 missis
652 751 686 808 ct
701 741 865 827 suffragijs
881 743 956 824 alijs
972 742 1043 808 fieri
1060 749 1162 808 statu-

2 871 3 952 ἦ
51 859 99 916 ant
114 875 170 937 pro
186 857 297 918 anima
313 854 432 919 sororis
447 857 558 917 nostre
574 851 710 935 prefate,
736 856 894 932 quantum
910 847 982 913 fieri
999 855 1159 916 statutum

1 989 3 1066 p
50 965 77 1023 et
91 960 215 1024 solitum
231 968 282 1026 est
297 981 356 1044 pro
373 960 482 1025 anima
497 957 651 1041 Magistri
671 957 902 1042 prememorati
920 955 1063 1038 Ordinis,
1088 977 1161 1021 cum

1 1073 3 1153 t
49 1068 143 1131 carnis
165 1068 248 1134 viam
275 1066 459 1149 ingreditur
474 1067 631 1130 uniuerse.
669 1065 793 1130 Datum
808 1064 911 1129 Rome
927 1084 1012 1128 anno
1028 1063 1163 1128 Domini

1 1157 2 1220 i
50 1179 102 1238 etc.
117 1174 166 1239 die
183 1174 250 1241 III.
267 1173 464 1240 Nouembris
480 1173 529 1238 II.
546 1172 742 1239 indictionis.

1 1331 2 1419 i
144 1337 179 1398 (A
194 1337 278 1400 »ΒιεςΙ
292 1336 442 1400 Angioini«
458 1334 487 1384 O.
503 1337 561 1384 1³5.
576 1349 613 1383 ss.
629 1334 930 1399 Reg.Ksroli11.k6t.
945 1336 987 1382 98.
1001 1333 1070 1397 lev.;
1084 1346 1110 1382 u.
1126 1333 1163 1394 ο.)

567 1607 641 1668 223.

49 1761 199 1827 Mcroaiuc'
224 1763 390 1830 Alterum
423 1763 603 1830 sclavonici
636 1767 762 1850 dercch
787 1763 934 1850 bizonyos
957 1761 1163 1828 kdrncitdsok

48 1867 297 1958 irdnt‚metycket
316 1871 501 1956 tapasztalt,
521 1896 542 1936 a
568 1870 1000 1956 veleaczec'kdztctrsasdppol
1022 1871 1163 1957 epyezke·

508 1979 576 2042 dit.
595 1981 690 2044 1305.

146 2150 337 2221 uoccrv.
355 2154 532 2221 indictone
549 2153 616 2221 111.
633 2155 685 2220 ue
701 2153 877 2224 xxvuu
893 2113 1059 2238 sannam.

146 2258 229 2328 Cum
244 2263 408 2346 Egregius
424 2264 473 2328 vir·
490 2261 841 2329 dominusAibertinus
857 2259 1164 2330 MauroconusDux
1239 2348 1242 2356 Ι

49 2363 212 2434 Sclsuonie
227 2371 395 2453 petivisset
410 2369 666 2437 satisfactionem
683 2372 748 2438 sive
758 2372 1059 2436 restaurationema
1070 2366 1164 2433 Com-

49 2476 128 2540 muni
144 2475 358 2545 Venetiarum
384 2476 425 2542 de
443 2477 637 2559 quibusdam
653 2477 720 2544 suis
736 2477 830 2560 aquis
846 2485 880 2541 et
895 2476 1165 2560 possessionibus,

50 2601 122 2662 quas
138 2583 269 2651 dicebat
286 2583 355 2650 sore
371 2591 545 2669 occupatas
561 2591 593 2650 et
610 2583 784 2668 impeditas
800 2585 976 2668 peripsum
986 2581 1164 2649 Commune

50 2687 263 2776 Venetiarum,
287 2693 375 2759 missi
401 2690 533 2756 fuerunt
552 2692 654 2776 aliqui
670 2693 832 2776 sapientes
848 2692 973 2757 nobiles
989 2713 1047 2775 per
1064 2691 1164 2756 domi·

49 2817 116 2863 num
130 2799 257 2866 Ducem
276 2802 319 2866 ad
334 2800 509 2866 videndum
525 2808 558 2866 et
573 2801 822 2867 examinandum
838 2800 994 2884 predicta,
1004 2808 1039 2866 vt
1055 2820 1165 2884 supcr-

50 2904 117 2972 inde
148 2907 220 2973 fieri
236 2909 342 2992 possit
361 2907 405 2988 id,
432 2909 521 2990 quod
544 2910 628 2993 juris
646 2915 702 2973 est.
728 2907 824 2975 Vnde
841 2908 926 2972 idem
941 2908 1090 2972 dominus
1104 2906 1164 2972 Al-

49 3011 186 3082 bertinus
201 3017 293 3081 misit
309 3014 474 3081 dominum
489 3016 686 3082 Michaelsm
702 3016 936 3081 Maurooenum
953 3015 1056 3079 filium
1073 3037 1164 3080 suum

49 3140 147 3187 coram
173 3124 304 3188 domiuo
320 3124 412 3190 Duce
439 3129 473 3190 et
498 3124 569 3207 ejus
586 3123 801 3204 Consiliariis,
828 3125 911 3188 sicut
935 3123 981 3188 ibi
998 3123 1164 3188 testificati

49 3227 171 3296 suerunt
186 3232 251 3297 duo
267 3238 378 3312 testes,
394 3233 504 3316 etipse
516 3233 666 3298 dominus
677 3232 1024 3315 Michaelooramipso
1035 3232 1165 3296 domiuo

49 3331 130 3403 Duce
156 3345 189 3404 et
213 3336 420 3405 Consilia-riis
445 3361 505 3423 pro
530 3348 626 3424 parte
652 3339 730 3403 dicti
757 3338 877 3404 domini
903 3340 1009 3422 patris
1026 3339 1085 3418 sui,
1101 3338 1164 3403 fuit

50 3453 209 3513 contentus
225 3453 259 3512 et
284 3447 457 3528 consessus,
484 3448 571 3530 quod
588 3449 616 3512 si
631 3468 691 3531 pro
708 3447 864 3530 predictis
880 3447 1022 3530 negotiis
1039 3445 1163 3529 aliquid

49 3551 191 3621 habuerit
207 3555 294 3619 idem
311 3555 450 3621 dominis
461 3554 655 3622 Albertinus
672 3577 691 3619 a
708 3553 880 3620 Communi
895 3553 1047 3637 predicto
1059 3552 1165 3619 Vene-

49 3660 169 3745 tiarum,
185 3661 273 3744 quod
290 3662 384 3728 detur
398 3667 504 3728 totum
521 3684 623 3746 usquc
639 3662 792 3728 adlibras
804 3660 878 3726 XX
888 3667 921 3726 et
932 3661 1064 3726 dimidie
1074 3679 1163 3743 gros-

51 3788 151 3833 sorum
160 3770 297 3835 dominis
307 3769 415 3834 Fiofio
427 3767 640 3850 Manmceuo,
651 3777 684 3835 et
694 3770 827 3835 Marino
838 3769 983 3834 Turlono
993 3768 1163 3852 pelipario,

1 3900 2 3904 ¹
51 3877 190 3944 videlicet
213 3877 421 3942 medietatem
447 3898 507 3961 pro
533 3877 679 3961 quolibet
704 3899 816 3944 eorum
840 3876 945 3942 libere
961 3884 995 3942 et
1010 3877 1164 3942 absolute.

1 3979 2 4028 i
49 3979 97 4048 lto
120 3985 207 4069 quod
231 3984 355 4049 nullum
381 3983 535 4064 debitum,
570 3985 660 4050 nulla
679 3986 804 4067 questio
824 3987 927 4067 possit
960 4003 1018 4046 nec
1048 3981 1167 4047 debeat

51 4091 194 4174 impedire
205 4091 380 4175 predictos,
396 4092 604 4158 necuiterum
616 4113 736 4171 eorum,
755 4093 834 4173 quin
845 4091 884 4156 de
896 4089 1009 4173 primis
1021 4089 1165 4153 denariis

1 4187 2 4276 i
50 4200 312 4283 provenientibus,
337 4207 372 4266 ut
387 4207 448 4265 'est
473 4199 606 4282 dictum,
631 4200 694 4265 sibi
709 4199 849 4264 satisfiet
864 4198 991 4280 integre
1007 4197 1166 4279 usquead

51 4307 254 4386 quantitatem
272 4307 463 4390 predictam.

146 4435 182 4494 (Δ
206 4433 311 4497 ›Oopie
333 4433 366 4484 de
389 4432 619 4485 Commemorslie
641 4432 730 4482 ozimii
744 4431 884 4480 velenczei
898 4429 1127 4492 tllsmkttuyvbdl
1145 4432 1166 4481 Ι.

1 4499 3 4564 i
51 4520 100 4571 rus
117 4527 172 4573 ms.
185 4525 258 4587 ιω
277 4497 382 4574 aneon
396 4525 480 4574 caess.
494 4523 581 4573 cirros
594 4521 791 4582 reversuras.)

524 4661 684 4677 ...nvn-anu*-
