3174 5236
576 300 670 374 l290.
696 329 703 340 ·
1046 343 1052 356 ·
1139 311 1178 374 81

78 485 167 552 eidem
180 487 344 572 Magistro
360 485 531 570 Hugolino
549 487 656 552 dictas
672 486 783 551 uncias
795 487 868 550 euri
884 487 1023 570 triginta
1039 509 1095 553 sex
1105 486 1186 553 dicti

76 594 211 678 ponderis
227 616 288 678 pro
320 595 467 678 expensis
500 595 567 658 suis
602 593 748 658 eiusdem
774 594 900 684 itineris
926 593 966 658 de
993 614 1185 680 quacunque

74 702 195 784 pecunia
225 703 389 784 presentis
421 701 583 784 generalis
615 701 839 766 subuentionis
879 703 910 766 in
955 702 1184 786 jurisdictione

76 815 168 874 restra
182 809 343 892 imposita,
360 830 422 891 que
438 815 488 875 est
503 807 556 873 uel
587 807 652 872 erit
676 829 735 891 per
759 829 871 874 manus
897 817 1035 893 uestras,
1060 809 1184 894 absque

76 914 194 980 adonius
210 913 417 980 difficultatis
434 913 603 979 obstaculo
621 913 788 980 exolualis.
804 911 966 981 Volumus
993 917 1126 999 insuper
1153 923 1186 981 et

75 1023 259 1104 mandemus,
276 1029 313 1088 ut
329 1023 363 1086 in
378 1029 477 1105 portu
493 1021 718 1087 Manfridonie
734 1022 785 1087 vel
800 1021 914 1106 Barclj
933 1023 1107 1106 diligenter
1132 1043 1185 1088 ex·

76 1131 188 1212 quirere
203 1137 235 1194 et
251 1129 397 1194 inuenire
414 1131 537 1194 curetis
552 1151 609 1194 vas
635 1127 771 1212 aliquod
788 1130 909 1193 iturum
925 1129 1098 1214 Jadaram,
1114 1150 1186 1196 oum

75 1257 129 1319 quo
156 1236 348 1302 venerabilis
373 1243 468 1320 pater
494 1235 643 1300 dominus
667 1283 674 1298 .
698 1285 705 1299 .
730 1286 736 1299 .
761 1233 909 1300 Auellini
934 1237 1127 1321 Episcopus,
1152 1243 1189 1302 et

75 1343 116 1407 vir
130 1344 241 1408 nobilis
258 1344 410 1409 dominus
427 1343 627 1408 Franciscus
644 1342 683 1407 de
700 1341 850 1426 Troysio,
865 1365 903 1408 ac
922 1343 1009 1408 idem
1025 1344 1187 1426 Magister

75 1449 241 1532 Hugoliuus
256 1471 318 1534 pro
333 1451 435 1534 ipsius
460 1450 685 1534 prosecutione
711 1449 842 1533 negotij,
867 1451 994 1532 possint
1019 1450 1187 1534 usquead

22 1562 25 1570 ’
77 1559 240 1639 predictam
272 1567 394 1625 terram
421 1559 547 1626 Jadarc
564 1557 783 1624 transfretari.
798 1557 837 1622 In
863 1559 954 1623 cuius
979 1559 1110 1624 vasselli
1135 1558 1190 1624 dc-

75 1664 151 1731 fectu
165 1689 219 1732 vas
236 1665 370 1752 aliquod
387 1689 447 1750 pro
467 1688 579 1731 eorum
604 1665 874 1731 transfretatione
899 1665 941 1730 ad
966 1672 1090 1731 terram
1115 1687 1189 1732 ean-

76 1773 136 1838 dem
152 1775 273 1858 absque
290 1775 445 1840 dilatione
472 1774 620 1857 qualibet
645 1765 823 1838 conducere
846 1774 1005 1840 studeatis
1030 1796 1090 1858 pro
1115 1795 1189 1858 pre·

76 1883 116 1944 lio
131 1904 183 1948 seu
197 1883 294 1948 naulo
310 1883 401 1967 justo
426 1889 459 1946 ct
475 1902 620 1965 congruo
636 1902 695 1964 per
712 1902 770 1946 uos
787 1881 828 1945 de
844 1882 979 1963 pecnnia
1005 1882 1189 1947 subnectio-

77 1989 120 2052 nis
134 1991 198 2054 eius
214 1992 247 2054 in
265 1990 396 2056 defectu
411 1989 550 2060 alterius
566 1989 689 2055 fiscalis
704 1989 842 2071 pecunia
859 1988 1047 2068 exomendo,
1062 1989 1190 2054 ordina·

76 2096 152 2162 tione
167 2120 221 2163 seu
237 2099 393 2164 mandato
411 2097 450 2162 de
466 2097 668 2182 assignanda
683 2101 821 2179 pecunia
838 2096 1061 2162 subuentionis
1086 2097 1189 2180 ipsius

77 2204 121 2268 rel
135 2227 322 2290 quocunque
338 2207 402 2273 alio
419 2207 574 2272 mandato
600 2205 660 2271 sub
683 2225 880 2289 quacunque
895 2204 1001 2271 forma
1017 2206 1189 2272 verborum

77 2311 156 2377 vobis
185 2315 309 2380 directo
326 2315 375 2380 sel
402 2318 435 2381 iu
460 2321 625 2399 posterum
651 2313 832 2396 dirigendo,
863 2335 921 2398 per
946 2315 1032 2397 quod
1059 2313 1190 2380 effectus

78 2419 212 2503 impediri
242 2425 345 2507 possit
371 2425 404 2490 in
430 2424 541 2507 aliquo
565 2422 617 2488 vel
650 2419 777 2487 differri
805 2420 1021 2504 aliquatenus,
1046 2443 1109 2486 non
1137 2420 1191 2485 ob·

79 2535 181 2596 stante.
195 2532 376 2618 Recepturi
393 2533 432 2598 de
448 2535 522 2618 hijs,
538 2555 601 2616 que
616 2531 816 2614 presentium
834 2531 1030 2595 auctoritato
1056 2525 1190 2594 solueri-

79 2632 121 2716 tis‚
134 2640 304 2722 apodixem
320 2641 479 2724 ydoneam
495 2637 539 2704 ad
555 2638 727 2704 cantelam.
744 2635 874 2718 Scituri,
891 2635 979 2720 quod
1004 2637 1032 2702 si
1056 2639 1090 2702 in
1116 2658 1189 2721 pre·

81 2747 169 2811 sentis
184 2746 332 2812 mandati
356 2748 547 2812 executione
563 2783 606 2794 -
624 2781 667 2792 --
683 2783 727 2793 -
744 2745 887 2828 aliquam
902 2743 1013 2811 forsan
1024 2745 1191 2810 commise-

81 2851 142 2916 ritis
157 2854 388 2938 negligentiam
404 2855 455 2919 rel
471 2852 646 2933 delectum,
666 2860 781 2918 contra
797 2873 854 2917 vos
880 2853 922 2918 ad
947 2873 1066 2936 penam
1092 2872 1191 2936 quam

82 2989 405 3012 ——————
421 2960 578 3026 ,Datum
607 2959 749 3043 Neapoli
780 2960 832 3025 die
858 2959 968 3025 vltimo
1000 2959 1192 3025 Decembris

84 3061 134 3132 IV.
147 3068 338 3135 indictionis.

178 3211 214 3270 (A
243 3215 384 3278 ›Registri
409 3215 560 3278 Angioini«
590 3220 629 3265 12.
655 3231 691 3266 ez.
733 3213 801 3279 Reg.
841 3213 937 3264 Knrcli
976 3213 1014 3262 ΙΙ.
1052 3207 1196 3260 littetebtl

84 3299 266 3366 t.lev.;u.o.)

602 3613 653 3673 99.

83 3759 124 3833 ll.
139 3771 263 3862 Kolroly
278 3773 403 3838 sicilici
420 3774 534 3859 kircily
562 3775 594 3836 e's
621 3766 738 3836 Morio
755 3767 908 3856 kirdlyni
938 3763 1043 3835 Jdnos
1060 3776 1197 3845 mentera,

82 3876 194 3943 Hearilc
210 3881 359 3964 bdnfldt,
376 3905 398 3945 a
413 3882 458 3944 II
459 3883 488 3944 I.
504 3881 620 3944 Endrc
646 3902 786 3965 mayynr
812 3878 925 3964 toucy
939 3878 1083 3964 pertoldi
1102 3872 1197 3939 elleni

346 3991 512 4054 delboram
521 3986 812 4075 felkatalmozzdk.
831 3987 926 4048 1292.

174 4128 261 4194 Pro
286 4128 435 4194 nobili
458 4131 560 4195 viro
592 4127 834 4208 Magistro·
857 4125 1068 4192 Johnnne
1091 4124 1195 4190 filio

79 4230 261 4301 Henrici
287 4237 410 4302 Bani.

176 4342 322 4409 Karolus
335 4341 502 4409 Secundus
514 4350 554 4409 et.
566 4350 600 4408 et
610 4344 723 4410 Maria
734 4343 801 4406 eius
812 4360 943 4405 consors
959 4340 1073 4405 eadem
1090 4338 1198 4424 gratia

83 4450 247 4516 eorundem
263 4451 455 4534 Regnorum
468 4451 597 4536 Regina
608 4457 641 4516 et
660 4451 885 4516 Comitatuum
897 4446 1074 4514 Comitissa
1098 4447 1200 4512 nobili

181 4587 241 4622 uos.
258 4587 321 4624 nun.
338 4587 405 4625 ursr.
422 4596 465 4606 -
483 4588 550 4624 acri
567 4589 627 4623 uxr.
643 4591 661 4628 ι.
1073 4561 1093 4620 6
