3174 5236
443 304 486 366 62
799 321 1034 367 ursaonaemar
1050 295 1219 367 ancienne.

440 517 597 580 expensas
623 497 720 562 dictis
737 497 882 582 Vngaris
901 499 944 564 ad
960 501 1120 565 rationem
1136 505 1327 566 tarenorum
1343 501 1414 566 auri
1429 501 1541 567 duorum

443 607 597 689 ponderis
614 607 776 690 generalis
791 628 851 691 pro
868 607 1018 674 omnibus
1033 630 1093 692 per
1111 609 1195 674 diem
1222 615 1283 675 etc.
1329 608 1452 675 Datum
1474 609 1544 693 apud

441 714 574 780 Turrim
591 713 686 780 Santi
703 717 857 782 Herasmi
873 718 926 781 die
944 717 1083 784 XVIII.
1100 717 1216 800 Martij
1235 717 1315 784 VII.
1332 717 1512 783 indictionis.

547 898 583 955 (Α
604 898 743 961 ›Regiatri
762 898 910 962 Angioini«
933 899 962 947 F.
986 903 1024 948 .8.
1045 915 1081 949 sz.
1101 899 1329 962 Reg.Kar01i1.
1349 896 1542 950 heressiarces.

439 987 502 1046 lev‚·
522 1003 547 1036 u.
562 988 598 1046 ο.)

927 1169 998 1176 -..-.-
1010 1167 1085 1176 ..p-—a

982 1405 1030 1466 74.

472 1563 498 1624 I.
516 1564 643 1650 Kar-aly
658 1565 787 1628 sicilici
803 1564 987 1651 leirdiyaak
1004 1589 1197 1650 appanowa
1212 1571 1350 1652 tdryyrc
1367 1565 1525 1629 venaticos(

868 1673 1032 1736 rendeieie.
1052 1675 1146 1736 1279.

550 1847 715 1934 Scriptum
740 1856 788 1914 est
815 1849 1007 1914 Castellano
1034 1849 1142 1916 casui
1167 1849 1270 1914 'freni
1294 1861 1354 1915 eto.

547 1959 631 2022 Ecce
648 1958 734 2041 quod
751 1980 809 2040 per
825 1957 966 2022 Beccum
991 1957 1146 2022 relietum
1163 1965 1196 2023 et
1211 1956 1339 2022 fidelem
1355 1962 1493 2021 nostrum
1510 1955 1546 2018 la-

440 2071 545 2130 torem
571 2067 771 2149 presentium
796 2066 959 2130 mictimus
983 2065 1025 2130 ad
1052 2072 1085 2130 te
1102 2065 1320 2148 Nicholetum,
1345 2085 1439 2148 quem
1462 2083 1546 2145 nuper

441 2174 533 2237 duxit
545 2173 891 2255 chngariaJacobus
902 2175 942 2238 de
952 2174 1123 2239 Boursono
1140 2173 1279 2239 dilectus
1295 2173 1389 2240 miles
1398 2171 1548 2236 familiaris

438 2287 470 2346 et
486 2281 589 2346 fidelis
605 2289 726 2360 noster,
742 2304 813 2346 euni
830 2303 891 2346 vno
906 2281 1031 2347 furnulo
1047 2304 1115 2363 suo,
1130 2282 1287 2348 fidelitati
1296 2288 1352 2347 tue
1364 2281 1546 2354 mandantes,
1582 2345 1584 2360 ,

439 2394 597 2470 quatenus
622 2390 804 2472 predictum
831 2387 1041 2455 Nichnletum
1067 2412 1137 2454 cum
1164 2391 1279 2455 eodem
1303 2388 1425 2455 famulo
1448 2386 1547 2452 suein

438 2502 546 2560 castro
571 2497 643 2580 ipso
659 2497 782 2580 Tirani,
806 2505 862 2562 tue
889 2499 1032 2564 custodie
1060 2498 1228 2581 deputato,
1252 2497 1413 2581 recipiens
1428 2493 1546 2579 ipsosin
1582 2539 1584 2596 Ι

439 2604 551 2670 eodem
578 2610 687 2670 castro
713 2628 785 2670 cum
811 2607 897 2671 omni
923 2606 1094 2690 diligentia
1110 2606 1241 2670 studeas
1258 2605 1432 2684 custodire,
1457 2609 1486 2669 et
1501 2621 1545 2667 eos
1582 2617 1583 2686 ᾗ

439 2734 507 2777 esse
518 2712 621 2779 facias
637 2715 732 2779 simul
743 2716 776 2780 in
793 2714 905 2781 eodem
922 2721 1030 2780 castro
1047 2736 1118 2779 cum
1130 2711 1298 2798 Stephano
1310 2713 1377 2778 filio
1389 2709 1542 2796 Stephani,

440 2841 535 2903 quem
553 2823 679 2905 pridem
695 2824 735 2887 de
751 2821 977 2888 Manfridonia
993 2842 1053 2904 per
1068 2821 1295 2888 Justitiarium
1306 2818 1497 2904 Oapitanate
1511 2813 1545 2880 ad
1582 2839 1584 2852 ¹

439 2933 472 2992 te
498 2930 541 2994 ad
567 2931 748 3012 predictum
769 2934 910 2995 castrum
927 2926 1153 2995 mandauimus
1170 2928 1348 3010 destinari3
1372 2921 1545 3011 quibusNi·

437 3035 567 3100 choleto
583 3041 616 3100 et
632 3035 753 3103 famulo
770 3058 827 3103 suo
843 3057 1003 3120 expensas
1019 3034 1173 3101 exhibeas
1184 3041 1403 3120 competentes
1413 3041 1446 3100 et
1456 3051 1545 3099 nerae-

437 3146 550 3223 sarias,
576 3145 663 3226 quod
687 3146 728 3211 de
754 3146 832 3228 ipsis
853 3145 969 3210 exinde
984 3143 1044 3209 tibi
1061 3145 1094 3209 in
1109 3143 1202 3208 breui
1217 3142 1442 3210 mandabimus
1456 3137 1545 3225 proui-

437 3250 516 3315 deri.
527 3251 624 3317 Oirca
635 3273 772 3335 quorum
785 3254 975 3339 diligentem
986 3252 1167 3318 custodiam
1178 3272 1234 3316 eas
1252 3250 1409 3317 adhibeas
1424 3249 1543 3330 diligen·
1582 3241 1584 3248 '

436 3359 515 3424 tiam
532 3365 563 3424 et
579 3361 750 3443 cautelam,
766 3362 852 3444 quod
869 3361 909 3426 de
927 3363 973 3426 eis
989 3361 1160 3434 sinistrum
1181 3358 1316 3441 aliquod
1325 3379 1389 3423 non
1401 3358 1543 3437 emergat;

437 3465 524 3546 quod
548 3467 575 3530 si
593 3467 760 3532 sinistrum
777 3474 970 3549 emergatur,
997 3467 1078 3531 iilud
1095 3467 1129 3530 in
1145 3487 1319 3549 personam
1336 3471 1426 3530 tuam
1443 3457 1542 3547 procul

436 3571 533 3638 dubio
559 3574 795 3658 impungemus.
840 3575 959 3640 Facias
976 3574 1081 3640 eidem
1098 3573 1203 3639 Becco
1221 3573 1261 3637 de
1276 3573 1460 3656 receptione
1473 3569 1543 3651 ipso·

434 3701 506 3746 rum
522 3680 682 3765 ydoneam
700 3683 884 3766 apodixem,
901 3689 933 3748 et
950 3684 1063 3748 statim
1073 3681 1160 3764 quod
1171 3703 1226 3747 eos
1237 3682 1270 3746 in
1281 3687 1389 3746 castro
1399 3673 1543 3760 receperis
1582 3767 1584 3774 J

434 3789 793 3856 licterastuasscribas.
823 3791 870 3857 Et
880 3813 936 3856 eos
947 3813 1012 3856 non
1022 3790 1142 3857 liberes
1153 3789 1222 3854 sine
1231 3787 1428 3871 specialibus
1438 3781 1542 3850 ueteris
1582 3804 1584 3814 ·

433 3897 564 3977 nostris,
589 3898 649 3963 sub
667 3899 813 3980 utrisque
830 3899 946 3982 sigillis
961 3897 1093 3979 nostris,
1110 3917 1229 3980 magno
1245 3895 1399 3980 pendenti
1408 3889 1542 3959 videlieet

432 4009 467 4066 et
482 4024 583 4086 paruo
600 4010 724 4070 secreto
741 4005 803 4070 tibi
819 4010 993 4089 propterea
1003 4003 1190 4086 dirigendis.
1205 4003 1327 4068 Datum
1339 4001 1425 4090 apud
1435 3999 1541 4064 bacam

433 4108 597 4174 Pensilem
614 4111 667 4175 die
684 4109 724 4180 V.
743 4110 946 4196 Septembris
964 4109 1045 4178 VII.
1061 4110 1256 4176 indictionis.
1582 4111 1583 4120 ’

540 4289 576 4354 (Α
598 4291 734 4356 »Registri
754 4292 905 4358 Angioini«
926 4291 955 4341 F.
972 4295 1013 4343 28.
1028 4307 1064 4341 sz.
1085 4291 1154 4355 Reg.
1175 4291 1273 4344 Karou
1292 4287 1466 4341 1.koeetebol
1486 4281 1541 4330 924-

434 4377 486 4425 lev.
501 4394 507 4442 ;
527 4393 553 4429 u.
567 4382 603 4440 ο.)
1101 4385 1102 4388 ’

916 4521 1074 4532 ιοψι-ῌ
