3174 5236
385 323 427 395 80
732 336 1150 398 n1rnouncz1n1nmtxnx.
1174 336 1179 342 '

282 535 284 547 ·
385 508 536 590 poiideris
553 530 612 591 pro
629 511 778 591 expensis
795 510 951 592 predictis
968 510 1007 574 de
1020 529 1213 593 quacunque
1229 507 1364 592 pecunia
1379 528 1488 591 presen-

384 615 427 677 tis
444 614 604 696 generalis
622 614 847 681 subuentionis
862 617 894 679 in
908 616 1136 700 jurisdictione
1153 615 1295 699 predicti
1310 613 1335 678 J
1336 615 1491 679 ustitiaria-

387 727 441 785 tus
457 722 506 785 tui
520 721 673 805 imposita
689 723 849 788 existente
866 723 916 788 vel
931 723 1051 803 futura,
1068 745 1126 806 per
1151 744 1266 788 manus
1282 729 1355 788 tuas
1370 722 1434 787 sine
1446 722 1493 787 sli-

389 848 453 909 quo
472 826 674 893 difficultatis
706 828 874 894 obstaculo
898 831 1066 910 exoluatis,
1099 829 1307 896 ordinatione
1338 849 1392 894 seu
1421 849 1494 893 man·

389 934 468 998 dato
486 933 526 997 ds
543 935 741 1018 assignanda
771 937 907 1018 pecunia
932 937 1155 1002 subnentionis
1182 937 1285 1019 ipsius
1310 935 1493 1016 statutis,ad

388 1042 649 1108 recollectionem
675 1044 887 1125 pecuniarum
927 1044 1139 1110 adohamenti
1164 1051 1197 1110 et·
1228 1043 1425 1128 generalium
1438 1043 1495 1107 sub-

388 1149 576 1214 uentionum
601 1149 635 1211 in
660 1146 853 1231 Principatu
886 1149 986 1215 'Perre
1003 1150 1144 1215 Laboris
1162 1149 1356 1232 etAprutij‚
1371 1150 1495 1232 reique

387 1277 514 1338 cunque
530 1256 596 1320 alio
612 1254 768 1320 mandato
795 1257 853 1322 sub
884 1279 1078 1342 quacunque
1107 1258 1211 1322 forma
1235 1257 1406 1320 verborum
1422 1255 1495 1319 robis

385 1361 483 1441 factu,
499 1363 550 1428 vel
566 1363 783 1447 inposterum
813 1362 972 1445 faciende,
987 1387 1046 1448 per
1063 1365 1149 1447 quod
1166 1363 1299 1429 effectus
1314 1363 1495 1446 presentium

387 1468 536 1552 impediri
552 1471 655 1552 possit
670 1472 703 1534 in
720 1471 830 1553 aliquo
847 1470 897 1536 vel
914 1470 1047 1552 differri,
1058 1471 1266 1555 aliquatenus
1277 1470 1495 1535 nonobstante.

386 1576 511 1660 Recept
512 1599 564 1641 uri
556 1577 619 1642 de
636 1579 695 1660 his,
712 1599 775 1660 que
793 1577 936 1642 soluerit'
913 1585 954 1642 trs
956 1579 1167 1661 ,apodixiam
1193 1578 1344 1643 idoneam
1362 1584 1393 1640 et
1408 1582 1498 1640 caute

390 1683 465 1749 lam.
484 1683 554 1749 Scit
540 1687 608 1748 turi
610 1686 766 1767 ,'quods1
780 1685 814 1748 in
830 1687 993 1768 presentis
1009 1687 1155 1752 mandati
1181 1686 1394 1790 expeditiope,
1421 1680 1497 1764 quod

388 1812 454 1854 non
487 1791 659 1875 dispendia
691 1792 882 1874 respicit,et
896 1792 1125 1876 compendium
1157 1792 1335 1856 celeritatis
1348 1751 1499 1872 'exposcit

390 1898 534 1980 aliquam
565 1897 678 1962 forsan
704 1900 901 1963 commiserit
902 1901 931 1964 is
956 1899 1188 1982 negligentiam
1214 1897 1265 1963 rel
1297 1895 1505 1976 defectumin-
1524 1929 1527 1934 ·

389 2007 588 2071 contrarium
606 2013 718 2072 nostro
736 2027 937 2072 reseruemus
953 2008 1091 2073 arbitrio
1109 2006 1364 2091 producendum.
1393 2005 1501 2078 Datum

390 2111 530 2196 Neapoli
563 2113 615 2178 die
631 2115 810 2196 penultimo
828 2114 1021 2179 Decembris
1037 2113 1098 2180 IV.
1114 2113 1310 2178 indictionis

499 2293 535 2352 (A
551 2293 688 2356 »Registri
703 2294 853 2357 Angioini«
870 2295 901 2342 Α.
917 2299 959 2344 57.
973 2309 1010 2346 ez.
1025 2293 1092 2357 Reg.
1119 2292 1217 2342 Karoli
1231 2293 1267 2340 II.
1294 2289 1436 2346 kotetebct
1448 2293 1501 2339 295.

391 2383 453 2440 lev.‚
464 2397 490 2430 u.
504 2384 542 2443 o.)

875 2578 1035 2585 ——..-......-

928 2848 979 2908 98.

392 3005 524 3069 Marcell
543 3005 738 3087 Kdrolpoalc
747 3007 1109 3092 oppartoaontdrpphoo
1120 3011 1190 3070 mats
1200 3005 1407 3070 iatdzkedeae.
1421 3004 1507 3068 1291.

503 3179 669 3263 Scriptum
686 3189 735 3247 ast
750 3203 809 3265 per
835 3183 971 3247 eundem
999 3181 1185 3264 Principem
1202 3180 1375 3265 (Ceruium
1400 3184 1505 3264 primo

395 3289 539 3370 genitum
556 3287 632 3372 stb.)
648 3288 752 3354 eidem
767 3290 958 3354 Justitiario
979 3296 1038 3355 etc.

503 3395 584 3460 Oum
600 3397 760 3462 discretus
776 3395 825 3459 vir
840 3396 1002 3478 Magister
1019 3395 1209 3479 Hugulinns
1236 3392 1276 3459 de
1301 3394 1402 3472 Luca,
1425 3389 1507 3456 cleri-

396 3523 451 3565 cus
468 3501 687 3568 etfamiliaris
704 3503 825 3568 domini
841 3505 947 3586 patris
979 3503 1093 3583 nostri,
1111 3501 1248 3566 dilectus
1264 3507 1298 3566 et
1314 3503 1448 3566 deuotus
1462 3517 1508 3560 no·

398 3614 474 3691 ster,
505 3611 547 3674 ad
578 3617 688 3694 partes
728 3611 877 3694 Vngarie
909 3611 1076 3694 negotium
1116 3611 1220 3692 ipsius
1236 3608 1346 3693 Regni
1373 3603 1506 3688 Vugarie

397 3716 526 3782 domine
542 3718 693 3800 genitrici
709 3724 820 3782 nostre
837 3739 874 3783 ac
891 3717 986 3782 nobis
1012 3741 1052 3782 ex
1077 3717 1263 3783 succesione
1283 3715 1426 3800 legitime
1449 3730 1508 3796 per·

397 3823 539 3905 tinentia,
556 3846 619 3890 vna
635 3847 707 3890 cum
718 3823 912 3906 quibusdam
923 3825 998 3909 alijs
1010 3824 1216 3890 demandato
1231 3822 1510 3906 Regioprosequu·

395 3937 497 4012 turus,
513 3931 657 4011 accedat,
673 3953 794 4014 nosque
811 3931 898 3995 dicto
930 3930 1095 4014 Magistro
1126 3951 1186 4013 pro
1217 3930 1369 4012 expensis
1398 3925 1461 3992 suis
1481 3922 1509 3984 in

396 4037 583 4102 huiusmodi
599 4038 715 4103 itinere
731 4036 889 4102 faciendis
915 4040 1025 4102 uncias
1051 4038 1125 4102 auri
1149 4037 1347 4120 trigintasex
1371 4027 1510 4118 ponderis

399 4144 560 4225 generalis
575 4145 815 4227 prouiderimus
831 4144 1047 4209 exhibendas:
1064 4145 1123 4210 tibi
1141 4165 1293 4226 expresse
1318 4151 1351 4207 et
1377 4138 1511 4206 districte

400 4251 603 4333 precipimus
619 4259 781 4334 quatenus
802 4250 1014 4335 actendendo,
1032 4250 1121 4334 quod
1146 4251 1261 4316 dilatio
1287 4241 1511 4334 prosecutionis

401 4354 501 4434 ipsius
516 4365 626 4438 posset
642 4379 709 4423 esse
725 4359 819 4423 nobis
836 4382 900 4423 non
932 4359 1091 4424 modicum
1118 4357 1335 4441 dispendiosa,
1361 4355 1445 4441 quod
1467 4347 1511 4413 ab·

402 4459 452 4537 sit,
473 4461 584 4524 statim
599 4464 679 4528 uisis
703 4464 919 4544 presentibus,
935 4466 1023 4529 omni
1040 4486 1131 4529 mora
1147 4471 1179 4528 et
1189 4465 1362 4528 occasione
1380 4455 1511 4529 sublatis
