3174 5236
404 321 467 384 138
752 341 984 387 nmnourozmr
1001 329 1174 390 aurnuns.

401 500 450 578 sit,
466 518 525 581 pro
542 499 689 580 expensis
706 501 847 582 proprijs
872 501 905 564 in
937 503 1042 566 eundo
1075 502 1116 567 ad
1132 511 1245 586 partes
1272 503 1418 586 Vngarie
1446 527 1509 588 pro-

399 605 543 687 sernitijs
559 605 670 685 Regis.
688 604 804 674 XXV·
822 604 1024 690 Septembris
1041 609 1125 674 XII.
1140 611 1334 677 indictionis.

507 783 541 848 (A
552 785 690 852 »Registri
704 783 1133 854 Angioim«95.sz.seg.1<aroli
1147 792 1182 844 II.
1200 791 1403 855 tentabam.
1418 794 1473 854 l.,n.
1483 791 1514 852 ο.)

889 965 1048 976 ..μ-...η-

940 1167 1011 1230 167.

403 1325 450 1390 II.
468 1324 595 1408 Kduoly
610 1323 737 1386 sicilici
753 1324 866 1410 kirtly
883 1327 994 1389 rn'r've're
1013 1325 1159 1391 Erzeebct
1178 1351 1314 1414 irraqyor
1352 1329 1513 1414 devepy-ki·

492 1431 676 1520 rrilyoe'uok
692 1431 856 1499 Stctltoba
874 1438 1011 1497 retuzrisa
1032 1436 1123 1498 ireiot
1139 1436 1335 1500 inte'zkedilc.
1354 1439 1446 1499 1299.

509 1606 675 1691 Scriptum
691 1615 741 1673 est
756 1607 781 1672 J
782 1610 902 1674 ohanni
919 1609 959 1674 de
976 1609 1081 1676 Oruce
1095 1611 1203 1694 militi,
1219 1611 1437 1680 Prothontiuo
1456 1609 1516 1676 Mo

404 1716 531 1800 nopolis
547 1717 667 1781 deuoto
683 1735 741 1782 suo
758 1723 820 1781 eto.

494 1821 576 1888 Cum
593 1821 785 1890 Serissimus
795 1824 955 1891 Dominus
965 1832 998 1892 et
1008 1829 1137 1910 genitor
1148 1811 1268 1908 noster,
1277 1827 1444 1894 Illustrem
1458 1824 1513 1888 Re-

404 1929 664 2014 ginamVngarie
681 1951 870 2014 germanam
881 1953 971 1998 suam
987 1939 1021 1999 et
1052 1935 1185 1999 amitam
1200 1940 1348 1999 nostram
1362 1934 1405 1999 ad
1420 1937 1516 2016 partes

404 2041 485 2105 istas
495 2037 677 2121 prouiderit
693 2037 811 2104 debere
828 2043 954 2120 venire;
971 2042 1011 2107 de
1027 2043 1232 2108 ordinatione
1248 2042 1392 2107 eiusdem
1408 2039 1516 2105 domini

407 2146 512 2230 patris
528 2145 630 2210 nostri
640 2146 799 2228 procedit,
809 2151 843 2211 et
853 2155 1028 2230 propterea
1043 2149 1103 2214 sub
1119 2151 1256 2215 obtentu
1265 2149 1370 2232 Regio
1380 2148 1478 2232 gratie
1490 2149 1518 2208 et

405 2275 489 2338 pena
503 2253 663 2319 bonorum
678 2262 859 2320 vestrorum
884 2258 1025 2321 omnium
1051 2256 1200 2324 districte
1227 2259 1433 2324 mandamus:
1449 2275 1516 2337 qua-

407 2367 502 2425 tenus
519 2361 631 2427 statim
647 2365 788 2445 receptis
814 2366 1030 2446 presentibus,
1061 2367 1148 2430 omni
1179 2386 1272 2430 mora
1297 2371 1332 2428 et
1363 2363 1517 2428 occasione

407 2468 553 2548 sublatis,
570 2470 734 2535 accedatis
746 2469 978 2551 Brundusium,
989 2473 1113 2538 etduas
1130 2472 1242 2555 galeas
1253 2471 1295 2537 de
1305 2470 1483 2536 melioribus
1491 2473 1517 2530 et

408 2574 595 2640 fortioribus
627 2576 731 2657 galeis
758 2575 865 2659 (luris,
882 2599 946 2660 quo
972 2585 1049 2645 sunt
1072 2578 1204 2661 ibidem,
1229 2579 1349 2660 aptari,
1364 2577 1475 2642 muniri
1490 2579 1517 2638 et

407 2683 563 2763 reparari,
580 2683 608 2746 si
625 2703 704 2765 opus
721 2683 828 2765 fuerit,
860 2685 988 2750 faciatis
1015 2685 1151 2768 singulis
1176 2688 1356 2768 oportunis,
1380 2685 1517 2767 ipsasque

405 2789 524 2854 curetis
541 2791 663 2855 armari
678 2789 787 2855 facere
804 2793 1005 2876 marenarijs,
1022 2791 1310 2876 supersalientibus
1326 2796 1359 2855 et
1373 2788 1507 2873 personis

407 2895 482 2979 alijs
499 2898 693 2979 necessarijs
709 2897 748 2963 de
767 2897 1062 2978 srrfficientioribus,
1088 2898 1270 2982 aptioribus
1295 2905 1328 2963 et
1353 2896 1452 2978 magis
1474 2913 1516 2957 ex·

407 3003 518 3085 pertis,
535 3025 617 3086 quas
634 3005 667 3069 in
683 3003 864 3088 Monopulo
882 3012 915 3070 et
933 3005 973 3070 de
988 3006 1169 3088 Monopulo
1186 3005 1328 3088 eligatis,
1344 2999 1516 3071 solidandas

404 3131 463 3193 pro
481 3131 589 3175 mense
605 3133 674 3175 vno.
696 3111 823 3195 Quibus
848 3113 952 3196 galeis
975 3113 1119 3196 armatis,
1150 3113 1274 3196 absque
1305 3133 1397 3176 mora
1421 3108 1514 3192 galeas

406 3217 495 3298 ipsas
520 3218 735 3300 personaliter
766 3220 962 3300 ascendatis,
993 3220 1028 3283 in
1059 3217 1271 3286 Solanoniam
1295 3220 1337 3285 ad
1363 3219 1515 3283 ciuitatem

406 3321 535 3405 Spoleti
560 3324 749 3408 profecturi,
780 3331 814 3391 et
843 3327 923 3392 inibi
955 3326 1117 3408 Reginam
1147 3327 1340 3409 predictam,
1366 3324 1512 3388 dominum

407 3429 542 3496 Petrum
568 3431 609 3496 de
636 3430 734 3496 Suria
759 3431 823 3517 (et)
848 3432 1011 3497 dominum
1040 3433 1178 3497 Petrum
1208 3433 1379 3514 Pilectum,
1395 3431 1514 3495 dilectos

406 3535 584 3602 familiares
600 3543 754 3620 paternos
769 3561 807 3603 ac
823 3546 961 3617 nostros,
979 3539 1035 3622 qui
1061 3539 1101 3603 do
1127 3537 1283 3603 mandato
1310 3545 1444 3621 paterno
1460 3537 1514 3599 iam

408 3651 639 3730 precesserunt
654 3647 697 3709 ad
713 3652 824 3729 partes
841 3646 924 3727 illas,
943 3653 977 3710 vt
994 3645 1165 3729 Spalatum
1181 3646 1339 3729 Reginam
1355 3644 1516 3729 predictam

409 3751 601 3830 conducant,
617 3771 676 3814 nec
692 3772 756 3814 non
772 3757 805 3815 et
819 3749 963 3816 lamilias
988 3753 1164 3817 eorundem
1192 3754 1224 3815 in
1250 3752 1353 3834 galeis
1368 3746 1514 3832 recipiatis

407 3859 537 3938 eisdem,
563 3879 637 3923 cum
661 3858 742 3940 ipsis
767 3857 924 3923 Barolum
949 3859 998 3922 vel
1024 3857 1284 3923 Manfridoniam
1309 3857 1444 3922 redituri
1468 3859 1516 3918 etc

408 3967 533 4032 Datum
549 3963 691 4048 Neapoli
708 3954 742 4030 it
767 3987 868 4049 supra
901 3973 961 4032 etc.
986 3963 1181 4049 (penultima
1221 3963 1419 4047 Septembris
1449 3955 1515 4025 Xll.

406 4073 603 4138 indictionis.

514 4217 567 4282 (ΑΖ
581 4217 655 4266 olaez
670 4217 722 4266 kir.
736 4218 852 4283 nrtpolyi
866 4218 997 4268 Generali
1012 4216 1201 4270 Arclriviobun
1233 4217 1327 4268 orzott
1350 4229 1377 4264 n.
1391 4229 1418 4268 n.
1432 4206 1514 4262 Arcu-2

407 4310 449 4365 tl.
469 4305 590 4362 loculus
607 4310 665 4360 147.
700 4321 737 4358 ez.
