3222 5240
605 367 699 434 1335.
1147 371 1210 433 335

3 607 4 610 ,
86 551 116 612 01
139 546 279 612 aliarum
295 569 405 613 rerum
421 547 665 614 medicinalium
682 554 715 611 et
730 543 984 613 electuariorum
1010 549 1210 613 necessario-

87 675 154 720 rum
176 677 238 738 pro
256 675 316 721 vsu
331 676 469 740 persone
485 654 565 720 dicti
581 653 685 737 Regis
702 652 852 737 Vngarie
868 657 901 718 et
915 675 977 738 pro
993 655 1143 720 mercede
1159 655 1208 721 di-

3 749 4 752 *
86 783 251 829 corsorum
266 785 446 830 ¹cursorum
476 764 649 828 missorum
664 761 840 846 Neapolim
864 768 897 827 et
923 762 965 827 ad
991 762 1075 829 alias
1097 770 1211 846 partes

86 871 191 936 rncias
208 877 349 955 quatuor
367 877 400 936 et
410 875 543 937 tarenos
554 869 734 936 duodecim.
751 870 839 935 Item
849 867 1016 936 Landulfo
1027 870 1210 938 Braucacio

3 1007 5 1014 >
87 977 122 1042 de
132 975 273 1063 Neapoli
282 979 387 1063 militi,
403 1000 442 1044 ac
452 977 679 1062 prenominato
690 975 841 1044 Goffrido
853 978 893 1043 de
903 975 1012 1044 Berra
1026 999 1087 1063 pro
1103 980 1210 1065 gagijs

3 1091 4 1094 ’
87 1103 194 1152 00111111
210 1087 369 1153 mensium
385 1085 523 1152 duorum
540 1091 573 1151 01
589 1084 716 1151 dierum
733 1090 859 1169 septem
869 1092 1113 1154 numeratorum
1125 1111 1145 1154 a
1157 1089 1210 1153 die

87 1194 236 1262 vicesimo
261 1196 366 1279 primo
386 1195 506 1260 mensis
522 1193 719 1261 Nouembris
736 1200 769 1260 01
785 1215 887 1278 vsque
902 1216 961 1278 per
976 1201 1080 1262 totum
1097 1197 1209 1262 vicesi-

86 1323 171 1369 mum
188 1310 342 1371 octauum
358 1303 445 1370 diem
460 1304 580 1369 mensis
594 1302 620 1370 J
621 1302 749 1386 anuarij
769 1302 850 1368 dicti
867 1304 944 1369 anni
955 1303 1003 1370 II.
1014 1304 1209 1386 indictionis,

86 1431 146 1494 quo
171 1419 319 1496 tempore
343 1413 378 1478 in
395 1411 539 1496 seruitijs
556 1410 637 1476 dicti
651 1411 754 1494 Regis
770 1408 917 1495 Vngaric
933 1414 1126 1479 commorati
1142 1411 1210 1479 fue·

86 1527 167 1603 runt,
196 1522 239 1587 ad
265 1520 426 1587 rationem
451 1518 492 1585 de
517 1519 618 1606 vncijs
644 1518 770 1586 duabus
785 1540 847 1603 pro
864 1519 1011 1604 quolibet
1026 1541 1138 1587 eorum
1153 1543 1211 1607 per

84 1647 234 1711 mensem,
260 1629 369 1694 uncias
396 1633 470 1694 octo
496 1633 529 1693 01
553 1631 687 1692 10101100
704 1625 819 1710 viginti
836 1632 918 1694 octo.
956 1627 1043 1694 Item
1058 1625 1210 1694 Baldono

83 1733 239 1804 Bassiani
255 1736 361 1817 militi,
377 1734 588 1802 cambellano
604 1742 638 1800 et
653 1733 809 1800 familiari
825 1741 939 1802 nostro
954 1734 1060 1802 iussas
1079 1735 1164 1801 solui
1179 1735 1210 1800 ei

4 1865 5 1868 ¹
83 1842 125 1909 ad
139 1845 270 1911 litteras
286 1850 418 1912 nostras
435 1845 494 1912 sub
511 1842 591 1911 data
606 1843 748 1927 Neapolj
766 1843 825 1909 sub
841 1849 968 1910 secreto
984 1843 1081 1910 anulo
1095 1849 1209 1910 nostro

84 1951 134 2017 die
149 1954 379 2021 terciodecimo
395 1951 596 2018 Nouembris
613 1951 699 2017 dicte
709 1950 755 2017 IL
772 1950 960 2018 indictionis
976 1974 1036 2038 pro
1053 1953 1161 2037 gagijs
1177 1959 1210 2019 at

84 2061 230 2144 expensis
247 2061 314 2127 suis
329 2061 448 2126 mensis
465 2060 567 2140 vuius,
584 2080 649 2143 quo
666 2060 699 2124 in
711 2058 833 2143 Apulie
848 2061 997 2144 partibus
1011 2061 1045 2124 in
1062 2060 1209 2146 seruitijs

3 2213 4 2216 =
55 2163 66 2179 '
86 2169 163 2238 dicti
173 2171 277 2256 Regis
287 2171 436 2257 Vngarie
447 2171 558 2238 extitit
568 2177 797 2252 commoratae,
807 2172 917 2237 vneias
928 2193 992 2238 sex.
1008 2169 1095 2236 Item
1105 2171 1206 2237 eidem

83 2277 234 2346 Baldono
249 2300 310 2364 pro
327 2279 435 2364 gagijs
450 2286 484 2344 et
498 2279 678 2363 expensisis
694 2279 851 2344 mensium
867 2279 1006 2344 duorum
1021 2284 1206 2345 numerato-

84 2409 155 2453 rum
171 2410 193 2453 a
208 2386 262 2453 die
278 2387 429 2477 vicesimo
445 2386 584 2453 secundo
601 2387 721 2452 mensis
732 2384 926 2453 Nouembris
942 2384 1031 2452 dicte
1045 2383 1092 2450 II.
1108 2385 1208 2452 indic·

83 2496 182 2561 tionis
209 2495 342 2561 inantea
358 2493 553 2579 computatis
569 2493 726 2578 predictis
742 2493 845 2578 vncijs
863 2515 920 2558 sex
936 2493 1041 2559 eidem
1056 2494 1208 2560 Baldono

3 2591 5 2628 ²
82 2609 116 2668 rt
140 2603 349 2687 premictitur
373 2603 511 2670 exolutis
535 2624 595 2688 pro
621 2601 709 2670 dicto
727 2622 838 2667 mense
855 2623 917 2667 vno
934 2601 975 2668 ad
991 2602 1151 2669 rationem
1167 2603 1208 2668 de

82 2713 183 2796 mcijs
211 2719 352 2796 quatuor
377 2712 532 2797 ponderis
558 2711 720 2797 generalis
744 2733 803 2794 per
829 2729 971 2776 mensem
987 2711 1098 2777 vncias
1115 2711 1206 2777 duas.

83 2817 220 2886 Summa
236 2821 342 2886 exitus
357 2821 461 2886 totius
477 2820 624 2904 predicte
641 2819 776 2903 pecunie
793 2825 843 2884 cst
859 2818 949 2884 vneie
965 2818 1055 2884 mille
1072 2819 1207 2886 ducente

3 2929 4 2938 ’
82 2928 306 3012 quadraginta
321 2949 438 2996 nouem
454 2929 561 2993 tareni
578 2927 761 3012 quindecim
771 2935 803 2993 et
814 2948 919 3013 grana
929 2927 1038 2993 decem
1049 2936 1082 2993 et
1092 2951 1208 2995 nouem

81 3043 112 3100 01
120 3036 275 3102 medium.
291 3036 395 3104 Facta
411 3037 513 3120 igitur
529 3033 702 3102 collatione
720 3034 760 3099 de
776 3035 923 3120 introytu
940 3035 983 3101 ad
1000 3036 1121 3101 exitum
1137 3058 1209 3126 pre·

83 3143 169 3211 dicte
186 3144 330 3229 pecunie,
348 3148 510 3229 apparent
525 3149 652 3210 restare
667 3140 900 3227 liquidepenes
910 3147 951 3223 te,
968 3144 1060 3210 saluo
1071 3145 1208 3211 rationis

82 3253 230 3320 eiusdem
246 3253 393 3318 examine
409 3252 546 3335 meliorj,
562 3249 670 3316 tareni
689 3249 933 3334 quatuordecim
943 3256 977 3316 01
987 3253 1115 3337 denarij
1132 3261 1209 3320 tres.

81 3361 274 3448 Supplicato
291 3361 404 3444 itaque
419 3358 513 3426 nobis
529 3379 588 3443 per
604 3365 646 3441 te,
663 3364 698 3424 vt
713 3380 786 3424 cum
802 3360 966 3444 predictos
982 3368 1114 3428 tarenos
1131 3382 1210 3445 qua·

81 3471 262 3538 tuordeeim
277 3475 310 3534 et
327 3467 478 3536 denarios
494 3475 561 3534 tres
578 3475 611 3533 te
628 3466 765 3535 soluisse
781 3474 815 3533 et
829 3469 1014 3553 assignasse
1031 3491 1160 3537 asseras
1177 3472 1210 3536 in

82 3573 227 3645 Oamera
251 3581 366 3644 nostra
382 3577 612 3661 Thesaurarijs
631 3576 762 3658 nostris,
778 3559 1011 3644 exhibitionem
1026 3597 1064 3642 ac
1080 3577 1206 3644 solutio·
1248 3586 1251 3596 '

80 3707 154 3753 nem
181 3691 217 3752 et
242 3687 496 3772 assignationem
522 3685 607 3752 dicte
623 3685 768 3771 pecunie,
784 3683 888 3750 factas
905 3706 963 3769 per
979 3691 1011 3750 te
1027 3684 1123 3750 modo
1139 3706 1209 3769 pre-

80 3796 192 3877 misso,
208 3803 382 3880 acceptare
398 3795 461 3862 tibi
476 3795 597 3860 nostris
613 3793 737 3858 lictoris
754 3793 982 3876 dignaremur3
1008 3791 1078 3860 Nos
1089 3793 1209 3878 suppli·

81 3904 205 3971 cationi
214 3909 272 3970 Ι1110
282 3903 467 3971 huiusmodi
477 3901 642 3988 prouisius
660 3906 847 3981 annuentes,
863 3921 935 3966 curn
945 3923 1005 3988 per
1016 3907 1212 3983 quaternum

82 4032 188 4095 snum,
216 4013 396 4097 sigillatum
423 4011 539 4097 sigillis
555 4010 693 4095 predicti
710 4007 851 4076 Groffridi
868 4015 900 4074 et
913 4016 979 4092 tuo,
996 4011 1212 4078 continentem

80 4121 267 4207 introytum
292 4129 326 4188 et
345 4121 467 4188 exitum
483 4119 621 4186 rationis
637 4124 694 4185 tue
709 4115 846 4203 prefate,
862 4125 960 4201 prout
976 4119 1124 4202 superius
1140 4142 1213 4204 par·

78 4228 270 4296 ticulariter
297 4234 347 4295 est
374 4228 573 4308 distinctum,
598 4249 657 4294 nec
682 4246 746 4292 non
764 4230 796 4290 et
813 4227 977 4308 mandate,
994 4226 1162 4310 apodixas,
1179 4233 1212 4293 et

79 4337 231 4404 cautelas
257 4334 341 4402 alias
367 4341 587 4422 competentes
613 4356 651 4400 ac
667 4355 726 4419 per
743 4330 907 4417 quandam
922 4333 1095 4416 apodixem
1112 4336 1214 4402 dicto·

79 4466 151 4512 rum
169 4447 469 4513 Thesaurariorum
494 4450 682 4511 nostrorum
708 4443 741 4506 in
766 4440 913 4524 predicte
929 4441 1069 4509 rationis
1085 4451 1140 4511 tue
1156 4469 1213 4531 po·

79 4557 201 4622 sitione
227 4553 415 4638 productas,
441 4559 474 4620 01
499 4553 532 4619 111
557 4558 670 4619 nostra
686 4551 826 4617 (lamera
850 4549 1023 4636 diligenter
1039 4553 1212 4646 inspectas,
