3174 5236
588 636 640 696 92.

68 789 184 855 Marcel
204 792 341 878 Kdroly,
356 793 378 856 I
379 793 404 854 l.
422 793 549 878 Kairoly
564 793 734 856 ciceri-usa
752 816 772 853 o
790 791 917 856 sicilici
934 792 1178 879 lcirdlpsu'gban.

572 903 667 964 1290.

162 1075 306 1142 Kerolus
330 1077 566 1158 primogenitus
581 1078 719 1142 illustris
735 1076 922 1142 Jerusalem
939 1083 971 1142 et
988 1075 1099 1142 Sicilie
1115 1078 1178 1141 Re-

68 1183 118 1264 gis,
133 1181 193 1247 Dei
210 1185 321 1264 gratie
337 1183 410 1256 Rex
421 1184 577 1266 Vngario‚
597 1184 755 1266 Princeps
767 1183 1006 1266 salernitanus,
1022 1191 1054 1249 et
1072 1183 1180 1249 Hono·

67 1290 107 1352 ris
130 1290 249 1354 Montis
276 1289 389 1357 Sancti
405 1289 527 1374 Angeli
554 1290 723 1372 Dominus,
748 1314 787 1356 ac
804 1292 921 1357 clusin
938 1291 1054 1376 Regno
1071 1291 1181 1358 Sicilie

69 1392 206 1462 licerius
224 1395 407 1464 Generalis,

163 1579 198 1637 (A
213 1578 355 1643 ›Registri
368 1577 519 1645 Angioini«
536 1583 627 1630 czim'u
640 1581 875 1645 regestokdnycelr
891 1581 1013 1640 szcriut).

533 1760 623 1768 --—-—
636 1759 692 1768 --—-

597 1923 647 1980 93.

91 2077 247 2164 Trogieioc'
264 2078 406 2142 Ferencz
425 2079 556 2146 ⁴llcrtcll
578 2080 701 2165 Kdroly
726 2081 830 2142 lcduete
848 2079 1160 2164 illappcrcrszdgdo.

580 2191 673 2252 1291.

170 2361 333 2446 Scriptum
359 2373 409 2429 est
432 2365 554 2430 eisdem
579 2365 709 2430 statutis
736 2363 793 2450 (ad
819 2368 1039 2449 receptionem
1066 2367 1186 2432 fiscalis

74 2469 214 2555 pecunie)
230 2477 290 2537 etc.

173 2576 255 2643 Cum
270 2580 321 2644 vir
337 2581 455 2645 nobilis
472 2581 621 2646 domiuus
632 2582 827 2646 Franciscus
844 2583 883 2647 dc
894 2581 1046 2666 'l'rogisio
1063 2581 1103 2648 de
1120 2603 1189 2666 spe·

76 2684 142 2748 ciali
158 2688 312 2754 mandato
329 2689 531 2755 dominorum
541 2691 645 2774 Regis
663 2693 822 2771 genitoris
839 2691 1013 2774 acRogine
1024 2691 1190 2775 genitricis

76 2798 250 2859 nostrorum
279 2801 312 2860 et
329 2803 441 2862 nostro
458 2799 551 2862 seed
566 2803 679 2881 partes
697 2797 844 2874 Vngaric
862 2798 1102 2881 presentialiter
1118 2821 1192 2865 con-

77 2895 153 2964 teret
176 2924 235 2985 pro
260 2903 456 2986 quibusdam
474 2905 581 2986 Regni
599 2903 746 2984 Vngarie
776 2905 916 2988 negotijs
942 2906 1134 2988 specialibus
1159 2912 1192 2970 et

77 3011 242 3089 expressis:
276 3010 421 3075 volumus
447 3017 480 3075 et
506 3011 653 3075 districtc
669 3011 879 3095 precipiendo
897 3010 1098 3092 mandamus,
1114 3033 1192 3095 qua·

77 3117 160 3178 tenus
182 3116 224 3180 ad
249 3116 450 3180 erectionem
475 3116 610 3180 duarum
631 3119 773 3200 portium
790 3116 1021 3202 addebamcntj
1040 3139 1099 3202 per
1116 3139 1190 3182 eun·

79 3217 144 3284 dem
167 3221 328 3287 dominum
346 3224 566 3306 Franciscum,
591 3247 629 3289 ao
655 3224 804 3290 dominos
821 3224 1008 3290 Marsilium
1033 3233 1065 3290 et
1080 3224 1194 3308 Trogi-

79 3326 152 3392 sium
165 3329 290 3412 fratres,
307 3352 346 3396 ac
356 3331 565 3397 Frederioum
577 3339 727 3415 nepotem
739 3355 814 3398 suos
825 3355 884 3416 pro
895 3332 989 3398 bonis
999 3334 1193 3415 feudalibus,

1 3460 2 3468 ¹
80 3453 135 3514 que
150 3443 232 3503 tenet
248 3459 268 3502 a
285 3438 386 3503 Curia
402 3461 461 3522 pro
479 3459 564 3504 enno
587 3443 732 3523 presenti
749 3447 865 3525 quarte
881 3441 1068 3506 indictionis
1084 3440 1196 3521 debiti,

80 3562 203 3622 quorum
218 3544 377 3611 bonorum
393 3545 518 3611 feudale
536 3548 703 3612 seruitium
720 3547 759 3612 dc
776 3548 901 3612 duobus
918 3547 1075 3612 militibus
1090 3553 1123 3612 et
1133 3568 1197 3611 me·

1 3679 3 3684 »
81 3647 131 3712 dio
147 3649 209 3716 fieri
225 3652 343 3718 debere
360 3653 524 3730 asseritur,
556 3655 710 3737 cuiusque
727 3653 956 3737 addohemeutj
975 3656 1107 3718 tertiam
1123 3674 1197 3736 par·

82 3761 143 3819 tem
156 3759 241 3824 robis
258 3780 291 3823 se
307 3761 445 3826 asseruit
460 3763 664 3842 persoluisse,
690 3762 879 3826 nullatenus
896 3760 1090 3844 procedatis.
1116 3758 1198 3824 Cum

83 3859 198 3928 dehac
223 3867 392 3930 occasione
416 3867 554 3949 predicti
590 3869 698 3952 riagij,
730 3867 818 3950 quod
849 3864 1014 3950 predictus
1045 3864 1196 3928 dominus

84 3967 268 4042 Francisous
284 3973 319 4036 in
336 3971 519 4054 Vngeriem
535 3971 622 4054 facit,
637 3973 678 4037 ad
696 3994 830 4056 presens
847 3973 891 4037 eis
908 3971 1042 4036 uelimus
1058 3971 1199 4053 gretiam

85 4072 179 4144 lacere
195 4078 376 4163 specialem.
393 4080 552 4144 Mandato
570 4081 682 4162 aliquo
699 4081 774 4144 buic
791 4080 955 4144 contrario
966 4099 1030 4142 non
1041 4076 1200 4142 obstante.

85 4181 196 4251 Datum
211 4185 357 4272 Neapolj
375 4188 425 4254 die
443 4187 543 4256 VIII.
560 4188 584 4254 J
587 4188 713 4268 unuarij
731 4186 817 4251 IIII.
833 4186 1029 4253 indictionis.

186 4369 220 4427 (Δ
245 4368 385 4431 »Registri
409 4369 558 4434 Angioiui«
585 4374 625 4420 12.
649 4385 687 4418 ez.
708 4371 775 4432 Reg.
797 4368 897 4418 Keroli
918 4362 1128 4422 nusciosum
1143 4369 1201 4420 211.

88 4451 155 4521 leve,
173 4471 189 4504 u
211 4461 246 4520 o.)

562 4547 717 4556 -uu--m--a-e
