3222 5240
552 391 644 454 1327.
1101 391 1165 456 267

5 549 6 554 ἵ
53 566 78 632 et
99 568 293 650 generaliter
318 570 403 634 omni
429 568 552 634 auxilio
575 568 665 648 iuris,
689 567 739 632 vel
767 565 853 648 sacti,
879 589 942 651 quo
967 575 1079 634 eontra
1095 590 1167 652 pre·

55 679 131 744 dicta
155 678 206 745 vel
231 679 367 762 aliquod
392 679 614 763 predictorum
639 685 772 763 possent
788 679 904 762 dicere,
919 680 1029 746 iacere
1049 680 1102 747 vel
1116 701 1168 745 ve·

5 771 7 780 ’
54 787 120 851 nire.
144 786 210 870 Qui
235 788 429 854 Dominious
454 793 488 854 et
512 788 678 870 NicolauS,
703 787 828 854 Sindici
844 786 981 873 Spalati,
996 789 1119 856 ibidem
1135 787 1169 852 in

54 891 219 959 continenti
245 895 443 978 coporaliter
459 895 556 961 tactis
573 893 760 978 Scripturis,
776 895 810 960 in
826 895 951 962 animas
965 918 1041 962 suas
1056 902 1089 962 et
1104 919 1170 962 om·

53 1001 131 1066 nium
155 1007 186 1067 et
210 1003 413 1085 singulorum
437 1001 604 1067 hominum
623 1002 710 1068 dicte
729 1001 882 1070 Ciuitatis
899 1001 1029 1087 Spalati
1045 1005 1172 1070 iuraue-

54 1114 119 1179 runt
141 1109 184 1176 ad
210 1107 334 1176 Sancta
356 1110 423 1175 Dei
447 1109 642 1192 Euangelia,
666 1116 825 1194 perpetuo
850 1111 996 1194 prefatos
1023 1111 1172 1178 dominus

5 1263 6 1266 ,
54 1215 167 1283 Ducem
193 1224 226 1283 et
252 1238 327 1282 snos
353 1237 555 1283 successores
571 1221 605 1282 et
623 1212 801 1283 Commune
816 1215 1031 1287 Venetia-um
1047 1227 1079 1284 et
1095 1240 1171 1284 suos

5 1397 6 1400 Ἴ
56 1325 189 1390 dominos
214 1345 354 1408 suosque
371 1325 655 1410 maioresquibus
672 1324 821 1406 subsunt,
838 1325 1025 1406 obseruare,
1040 1325 1173 1392 obedire

54 1440 82 1498 et
103 1433 253 1513 reuereri,
279 1440 313 1498 et
338 1433 425 1516 quod
451 1433 662 1517 singulariter
687 1434 806 1518 singuli
823 1431 953 1518 Spalati
969 1434 1009 1499 de
1026 1431 1172 1499 Oonsilio

5 1573 7 1604 1
54 1541 128 1607 dicte
154 1541 257 1608 Terre
274 1543 308 1607 in
323 1543 474 1626 ingressu
489 1543 539 1608 sui
554 1542 652 1626 primi
667 1540 816 1623 Comitis,
831 1543 894 1626 ipsi
910 1539 1032 1609 Comiti
1049 1563 1108 1626 pro
1125 1541 1174 1626 ip-

5 1659 7 1740 ss
56 1669 87 1712 so
109 1648 238 1714 domino
262 1647 355 1714 Duce
381 1653 413 1714 et
428 1649 666 1738 successoribus
685 1649 753 1714 suis
772 1670 812 1714 ac
828 1645 1002 1715 Communi
1017 1647 1174 1717 Veneoia-

5 1769 6 1788 ¹
54 1778 116 1822 1111
130 1757 303 1840 recipienti
318 1756 515 1840 coporaliter
531 1757 578 1822 sic
593 1757 757 1840 iurabunt,
773 1778 834 1823 nec
849 1757 1009 1823 nonbona
1023 1757 1089 1823 fide
1104 1759 1173 1824 sine

54 1863 160 1932 fraude
178 1853 356 1932 ob'seruare
371 1869 403 1928 et
419 1864 589 1931 attendere
605 1863 713 1930 omnia
729 1871 762 1930 et
777 1866 907 1948 singula
922 1865 1119 1949 supradicta.

152 2005 277 2076 Actum
302 2006 454 2078 Veneciis
484 2007 519 2071 in
534 2004 738 2072 cancellaria
762 2003 911 2072 Ducatus
942 2006 1165 2090 Venetiamm,

5 2113 6 2178 Ϊ
54 2115 253 2202 presentibus
270 2116 417 2203 sapiente
432 2119 502 2179 uiro
519 2113 650 2180 domino
665 2113 798 2182 Marino
825 2111 990 2182 Canonico
1006 2115 1167 2200 Tragurii,

5 2275 7 2280 .
55 2220 227 2290 Francisco
238 2222 280 2287 de
289 2222 422 2287 Fanciis
434 2222 474 2286 de
485 2222 610 2305 Padua,
621 2220 1011 2303 Bonincontro,Nicoleto
1022 2224 1172 2290 Marcha-

5 2387 6 2390 ,
57 2331 122 2410 sini,
137 2337 172 2397 et
187 2329 342 2396 Nicoleto
353 2331 578 2414 Possamonte,
593 2327 733 2395 Notario
750 2335 783 2395 et
793 2330 907 2396 scribis
919 2330 999 2396 dicti
1010 2331 1176 2413 Ducatus;

5 2439 7 2516 ζ
56 2461 89 2504 ac
104 2440 280 2508 Leonardo
298 2440 408 2506 scriba
439 2437 703 2504 camerariorum
728 2435 918 2505 Communis
944 2440 1176 2524 Venetiarum3

5 2553 7 2640 ξ
55 2553 84 2611 et
98 2547 273 2616 Leonardo
289 2548 452 2614 bullatore
468 2547 591 2614 domini
615 2547 727 2630 Ducis,
751 2547 888 2616 testibus
914 2547 958 2616 ad
977 2549 1036 2618 heo
1052 2551 1175 2618 vocatis

5 2655 6 2662 '
57 2661 85 2721 et
100 2658 234 2741 rogatio,
250 2662 283 2724 et
299 2656 382 2721 aliis.

157 2798 270 2866 Tenor
286 2799 466 2865 sindicatus
484 2798 729 2883 Spoletinorum
744 2798 821 2868 talis
837 2805 904 2868 est:

155 2943 197 3007 In
214 2941 280 3008 Dei
295 2944 423 3008 nomine
439 2941 556 3009 Arnen.
573 2939 672 3009 Anno
689 2943 823 3009 Domini
834 2943 1004 3010 millesimo
1021 2949 1179 3011 trecente-

5 3061 6 3064 ’
55 3049 129 3114 simo
145 3051 306 3134 vigesimo
323 3051 470 3134 septimo,
503 3051 681 3116 indictione
713 3051 846 3130 decima,
865 3057 1025 3135 regnante
1050 3052 1179 3118 domino

5 3245 6 3248 Ἴ
54 3166 159 3226 nostro
176 3159 307 3225 Karolo
323 3157 470 3225 Roberto
484 3161 576 3244 Rege
592 3158 757 3244 Vngarie3
775 3159 974 3244 temporibus
984 3159 1180 3226 venerabilis

5 3305 7 3332 ;
54 3270 153 3348 putris
171 3267 294 3334 domini
310 3267 441 3333 Balioni
458 3264 710 3352 Archiepiscopi
727 3267 948 3351 spalatensis,
967 3267 1106 3352 Egregii
1121 3267 1183 3332 viri

5 3393 7 3432 1
55 3373 172 3440 domini
190 3372 330 3441 Comitis
346 3373 382 3440 N
382 3373 496 3458 eliptii,
512 3375 634 3440 domini
658 3373 848 3440 Budisclavi
865 3373 1046 3458 Capitonei,
1061 3374 1182 3441 nobilis

5 3483 6 3488 ’
55 3487 85 3546 et
101 3483 261 3566 sapientis
277 3483 341 3548 viri
357 3482 479 3547 domini
494 3481 603 3548 11111101
619 3479 754 3547 Secreto
772 3481 812 3550 do
828 3481 982 3553 Veneciis
1008 3482 1183 3548 honorabi-

53 3588 91 3653 lis
106 3589 295 3670 Potestatis,
312 3611 351 3655 ac
368 3588 524 3655 nobilium
549 3591 692 3655 virorum
718 3589 923 3656 dominorum
948 3588 1083 3656 Andrec
1097 3589 1183 3655 Dra-

5 3771 7 3780 ,
55 3697 122 3779 gliis
138 3705 173 3763 et
187 3696 294 3764 Medii
309 3695 455 3783 Alberti,
478 3697 635 3763 Judicum
661 3695 815 3763 Ciuitatis
840 3696 1046 3783 Spalati,'die
1062 3701 1181 3781 quarto

55 3805 176 3871 decimo
208 3806 363 3890 Augusti.
394 3803 604 3890 Congregato
637 3803 795 3872 Generali
821 3803 967 3871 Consilio
1000 3805 1034 3870 in
1058 3804 1182 3889 palatio

56 3896 243 3980 Communis
275 3903 430 3980 Ciuitatis
461 3911 591 3996 Spalati
617 3912 659 3978 ad
692 3934 805 3978 sonum
830 3933 997 3995 campane,
1022 3913 1183 3996 premissa

55 4043 127 4090 uoce
143 4023 299 4108 preconia
329 4023 420 4088 iuxte
450 4043 585 4102 morem,
610 4023 661 4086 vir
692 4020 811 4087 nobilis
827 4021 957 4104 sapiens
973 4026 1007 4085 et
1021 4021 1182 4085 discretus

56 4129 203 4197 dominus
236 4130 371 4197 Marcus
403 4128 538 4196 Secreto
569 4130 609 4195 de
640 4127 788 4196 Venetiis
804 4126 1005 4194 honorabilis
1021 4125 1185 4208 Potestas,

55 4231 199 4320 ‚ludices
217 4236 407 4305 consiliarii
424 4244 458 4303 et
474 4235 653 4303 Commune
677 4235 834 4307 Ciuitatis
859 4233 987 4319 Spalati
1011 4235 1046 4300 in
1071 4232 1184 4300 eodem

5 4335 6 4368 ³
30 4420 32 4431 Ι
56 4341 202 4411 Consilio
219 4345 410 4429 residentes,
436 4344 642 4410 attendentes
666 4342 915 4422 humanitatem,
939 4341 1184 4427 benignitatem,

57 4450 272 4537 elementiam,
282 4453 451 4536 zelumque
467 4451 591 4518 iusticie
607 4449 780 4533 Magnifici
790 4448 931 4529 Domini,
948 4449 1068 4515 domini
1084 4446 1187 4515 Ducis

57 4565 153 4646 atque
170 4557 361 4632 Communis
378 4559 533 4628 Ciuitatis
559 4559 788 4642 Veneriorum,
813 4563 847 4624 et
871 4556 961 4650 quod
977 4555 1138 4624 Ciuitates
1154 4563 1188 4628 et
