3174 5236
539 322 631 386 1299.
1114 335 1176 400 135

79 501 153 585 ipsos
175 501 373 572 exhjbituros
399 516 564 579 speramus
589 499 744 583 inantea,
770 501 915 590 illudque
932 511 1065 597 specialj
1082 531 1183 580 reme·

43 671 44 674 ,
78 612 238 676 moratione
261 612 440 690 uoluentes,
465 607 552 688 quod
577 608 610 671 in
636 615 884 694 manutenenda,
910 619 1123 699 gubernanda
1149 627 1182 687 et

77 717 258 785 defendenda
273 741 373 784 causa
388 725 501 782 nostra
517 716 556 780 de
567 715 683 797 Regno
699 725 811 785 nostro
821 718 970 806 Vngarie
982 734 1095 792 contra
1111 729 1182 794 hos-

43 863 44 868 (
76 825 137 890 tiles
151 827 282 893 insidias
299 832 333 892 et
347 831 492 904 conatus,
517 824 645 889 labores
661 845 788 908 granea,
814 830 1046 900 sollicitudines
1062 837 1182 918 uigiles

76 938 102 996 et
122 935 242 1000 tediosa
265 934 461 1018 grauamina
485 932 697 1016 pertulerunt,
723 934 894 1020 Ciuitates
921 937 1051 1023 Castra,
1078 943 1181 1024 villas,

76 1046 167 1104 terras
182 1047 215 1106 et
230 1041 452 1124 possessiones
468 1041 502 1104 in
518 1039 633 1122 Regno
644 1037 792 1124 Vugarie
809 1050 842 1108 et
857 1043 1041 1128 Solanonie,
1057 1056 1090 1115 et
1100 1047 1182 1116 Par-

74 1146 149 1210 tibus
173 1147 305 1213 Oroatie
329 1154 364 1240 et
387 1147 553 1212 Dalmatie
578 1148 765 1228 constituta,
789 1170 852 1232 que
878 1156 947 1218 siue
963 1157 1136 1223 habuerint
1152 1164 1185 1224 et

74 1255 223 1319 tenuerint
247 1255 289 1320 ab
305 1256 472 1334 hactenus,
499 1255 567 1318 siue
587 1252 675 1319 olare
691 1257 844 1322 memorie
860 1259 1007 1326 Karolus
1024 1263 1184 1346 primoge-

78 1361 154 1426 nitus
177 1369 287 1428 noster
302 1360 450 1445 Vngarie
465 1361 537 1426 Rex
563 1362 642 1443 ipsis
667 1367 864 1430 concesserit
879 1368 932 1432 uel
948 1367 1086 1450 donarit,
1112 1393 1185 1437 cum

77 1468 246 1534 hominibus
272 1478 307 1535 et
331 1468 489 1548 vassallis,
513 1469 705 1552 tortellicijs,
730 1472 904 1558 casalibus
919 1477 1188 1560 possessionibus,

77 1577 163 1640 terris
178 1578 274 1642 cultis
295 1584 328 1642 et
353 1577 491 1656 incultis
516 1575 632 1660 planis,
656 1579 828 1658 montibus,
853 1583 966 1663 pratis,
992 1585 1187 1668 nemoribus,

78 1687 202 1766 pascuis,
226 1685 429 1767 molendinis,
455 1684 556 1768 aquis,
582 1705 806 1768 aquarumque
822 1686 1011 1756 decursibus
1027 1689 1188 1757 Junsdic-

78 1790 189 1856 tionum
205 1798 237 1856 et
248 1791 400 1858 Partium
416 1791 604 1873 earundem,
621 1813 684 1873 quo
699 1792 850 1858 videlicet
866 1795 906 1860 (16
917 1795 1066 1862 demanio
1083 1799 1117 1862 in
1133 1797 1187 1864 de-

80 1899 217 1980 manium,
233 1905 267 1964 et
283 1921 346 1981 que
362 1899 401 1964 (16
418 1900 551 1964 seruitio
567 1899 600 1962 in
616 1899 787 1964 seruitium
804 1900 900 1965 dictis
917 1902 1021 1968 Paulo
1037 1902 1140 1984 Bano,
1156 1911 1191 1970 et

80 2004 230 2088 fratribus,
246 2013 280 2070 et
296 2028 407 2072 eorum
424 2006 566 2086 cuilibet,
582 2012 680 2090 prout
695 2009 919 2088 unusquisque
935 2011 1079 2092 ipserum
1096 2017 1191 2076 eate-

81 2121 128 2178 uet
141 2122 171 2181 et
187 2116 340 2198 possidet,
357 2117 397 2180 de
413 2123 504 2182 certa
520 2117 655 2182 scientia
670 2121 783 2181 nostra
800 2121 833 2180 et
849 2118 983 2199 speciali
998 2119 1106 2200 gratia
1116 2141 1191 2184 cou-

81 2219 249 2306 firmamus3
281 2230 315 2288 et
333 2225 465 2306 iusuper
481 2224 516 2287 in
532 2223 690 2304 premium
705 2224 809 2304 gratie
825 2223 979 2305 plenioris
995 2225 1065 2308 ipsa
1081 2227 1191 2291 onmia

81 2335 110 2393 et
130 2331 255 2414 singula
279 2334 326 2396 eis
351 2336 386 2396 et
410 2352 520 2396 eorum
537 2330 679 2410 cuilibet,
705 2353 743 2396 ac
758 2352 870 2396 eorum
887 2315 1191 2400 heredibus'vtrius-
1298 2383 1302 2390 .

8 2431 10 2433 ’
82 2457 136 2516 que
164 2461 258 2503 sexus
290 2460 329 2502 ex
361 2459 473 2503 eorum
508 2438 698 2520 corporibus
736 2438 880 2520 legitime
911 2438 1193 2522 descendentibus

82 2545 157 2609 natis
186 2545 250 2610 iarn
282 2543 335 2610 uel
366 2547 399 2610 in
425 2549 523 2610 antea
547 2544 727 2624 nascituris,
757 2547 1006 2629 inperpetuum
1036 2547 1076 2611 de
1106 2568 1191 2612 nouo

84 2649 194 2735 damus,
219 2652 378 2718 donamus
403 2658 436 2716 et
450 2652 620 2735 tradimus,
644 2673 683 2716 ac
699 2675 737 2716 ex
754 2674 853 2718 causa
868 2653 1051 2720 donationis
1067 2654 1193 2738 proprij

83 2764 176 2823 notus
215 2759 374 2838 instinctu
415 2759 622 2824 concedimus
661 2759 694 2824 in
733 2759 864 2826 feudum
905 2760 1013 2826 nobile
1044 2760 1083 2827 de
1115 2759 1195 2824 libe·

83 2867 201 2931 ralitate
217 2887 309 2932 mera
323 2869 358 2932 et
372 2869 480 2951 gratia
506 2866 650 2950 speciali.
682 2866 758 2932 Hoc
773 2867 876 2932 solnm
892 2869 1032 2951 prouiso,
1057 2867 1144 2950 quod
1161 2868 1194 2931 in

84 2975 329 3056 manutenendis,
354 2973 572 3058 gubernandis
597 2980 630 3039 et
655 2973 867 3040 defendendis
888 2975 1019 3057 juribus
1039 2981 1073 3040 et
1088 2976 1195 3040 causis

2 3053 5 3074 .
83 3085 192 3150 nostris
216 3085 248 3149 iu
273 3083 422 3166 predicto
447 3083 562 3164 Regno
589 3081 713 3148 Nostro
738 3080 886 3165 Vngarie
916 3089 1030 3149 eontra
1061 3080 1197 3148 hostiles

2 3187 3 3262 s
45 3238 51 3249 .
85 3191 230 3271 incursus,
254 3191 391 3256 insidias
419 3196 454 3255 et
468 3195 605 3257 conatus
622 3188 733 3255 debito
748 3189 917 3255 fidelitatis
934 3191 1100 3273 obsequio,
1119 3209 1196 3271 quo-

2 3383 3 3391 *
85 3299 159 3363 tiens
174 3309 369 3384 oportunum
382 3299 492 3380 luerit,
509 3319 581 3362 curn
598 3299 728 3380 copioso
745 3299 899 3378 exercitu,
916 3299 1006 3363 iuxta
1022 3319 1125 3380 posse,
1142 3319 1197 3362 no·

86 3405 128 3470 bis
143 3408 293 3472 assistere
309 3411 491 3472 teneantur.
516 3405 557 3471 In
573 3405 665 3471 cuius
680 3407 729 3469 rei
745 3403 843 3468 fidem
859 3411 1116 3486 perpetuamque
1133 3425 1199 3469 me·

2 3512 3 3515 ’
86 3514 219 3598 moriam,
244 3521 277 3580 et
302 3515 523 3598 predictorum
538 3512 638 3578 Pauli
653 3512 748 3592 Bani,
774 3509 910 3594 Georgij
928 3516 961 3575 et
976 3510 1117 3595 Mladinj
1136 3511 1199 3576 fra·

85 3625 170 3706 trum,
179 3623 398 3705 heredumque
408 3645 539 3688 suorum
549 3621 709 3687 cautelam
720 3639 854 3703 presens
865 3618 1075 3703 priuilegium
1083 3618 1201 3683 exinde

86 3727 158 3810 fieri,
171 3737 203 3795 et
217 3730 434 3812 pendentibus
451 3727 640 3793 Maiestatis
656 3729 788 3805 Nostro,
814 3731 847 3789 et
863 3730 976 3790 nostro
992 3723 1121 3807 prefato
1136 3721 1202 3787 Re·

85 3837 150 3917 gino
165 3836 281 3920 sigillis
294 3837 450 3920 jussimus
466 3833 667 3917 eommunirj.
684 3832 807 3898 Actum
818 3829 960 3914 Neapoli
976 3836 1126 3914 presente
1137 3825 1201 3892 (lu-

86 3945 127 4008 rie
141 3951 247 4011 nostre
264 3927 429 4026 Magistro
445 3942 625 4024 Rationalj,
642 3940 769 4005 dilectis
780 3937 987 4022 Consiliarijs
1003 3944 1036 4002 et
1051 3935 1202 4001 fidelibus

85 4054 203 4134 nostris,
227 4073 266 4116 ac
292 4051 442 4135 pluribus
468 4050 561 4133 alijs3
585 4053 618 4112 et
644 4046 757 4112 datum
774 4047 895 4112 ibidem
912 4067 970 4130 per
987 4064 1103 4109 manus
1119 4041 1203 4106 Bar-

84 4157 227 4226 tholomei
252 4160 293 4225 (16
309 4157 425 4241 Capua
439 4157 562 4238 militie,
578 4155 762 4239 Logothete
779 4161 812 4219 et
828 4150 1075 4234 Prothonotarij
1092 4147 1202 4230 Regni

85 4263 187 4334 Sicilie
211 4289 297 4332 anno
321 4266 455 4331 Domini
472 4263 527 4330 Μο
543 4260 617 4330 00⁰
633 4258 830 4329 ΧΟἮΙΙΙυ
847 4260 899 4326 die
917 4265 1037 4343 quarto
1056 4254 1203 4341 Augusti

87 4374 242 4442 undecimo
258 4373 343 4460 (igy)
360 4373 558 4438 indictionis.

181 4503 217 4563 (A
232 4502 316 4566 »Bag
331 4501 481 4566 Angiolui‹
497 4503 557 4550 101.
570 4513 606 4548 ez.
620 4499 688 4563 Reg.
701 4498 799 4548 Karoli
813 4499 848 4548 II.
864 4498 922 4547 ket.
936 4501 979 4545 44.
996 4497 1067 4560 lev.;
1086 4509 1114 4545 u.
1128 4488 1168 4562 ο.)

572 4605 722 4618 ,ιι-ιι-ι
