3222 5240
418 309 483 397 llo
774 323 1008 400 omnonsczmr
1024 329 1191 403 imbuam

415 509 509 576 malis
525 509 721 592 alternatim,
737 519 772 577 vt
787 491 995 596 premittitur,
1011 515 1097 581 inter
1113 536 1172 580 nos
1190 516 1457 600 qualitercunque
1466 517 1531 583 hae

415 622 510 684 tenus
533 616 664 702 habitis,
689 619 810 684 exortis
836 620 1004 706 stilletis,
1029 627 1142 689 mutuo
1168 622 1210 688 ad
1226 621 1366 688 inuicem
1382 623 1533 705 relaxatis,

417 724 545 808 sopitis,
561 725 682 792 sedatis
699 732 733 792 et
748 728 909 811 extinctis,
924 748 997 793 cum
1008 729 1122 795 eodem
1132 729 1261 795 domino
1272 729 1365 814 Rege
1375 728 1532 814 Hungarie

418 838 451 896 et
467 831 532 900 suis
549 831 722 899 heredibus
739 855 797 900 nos
808 841 919 900 nostro
930 835 1130 900 etheredum
1140 841 1337 918 nostrorum,
1353 859 1393 902 ac
1404 839 1534 902 omnium

417 936 461 1002 ed
485 959 545 1004 nos
570 945 603 1005 et
627 939 671 1004 ad
685 941 822 1006 heredes
838 949 968 1007 nostros
985 941 1148 1024 predictos
1164 944 1403 1026 pertinencium
1418 944 1533 1008 nomine

417 1043 461 1108 ad
485 1051 641 1130 perpetue
666 1049 755 1131 pacis
781 1046 987 1113 concordiam
1004 1055 1038 1113 et
1052 1051 1179 1115 sincere
1195 1049 1386 1116 deuenimus
1402 1052 1533 1116 amicicie

418 1153 574 1220 unionem.
605 1152 875 1241 Assumpmentes
891 1156 1020 1222 nomine
1037 1177 1101 1239 quo
1118 1179 1226 1242 supra,
1251 1157 1338 1242 quod
1355 1180 1414 1224 nos
1431 1165 1463 1224 et
1477 1159 1533 1241 qui·

418 1260 501 1326 libet
523 1270 679 1348 nostrum,
703 1264 772 1329 siue
797 1265 831 1330 in
855 1265 1000 1347 presenti
1024 1271 1113 1330 statu
1128 1265 1271 1350 honoris,
1297 1268 1412 1351 inquo
1429 1289 1533 1348 sumus,

420 1370 488 1434 siue
504 1379 755 1455 quantocunque
771 1371 886 1437 alciori
902 1378 935 1437 et
950 1371 1219 1458 preeminenciori
1235 1381 1294 1439 aut
1309 1371 1436 1459 minori,
1458 1369 1534 1458 quod
1605 1363 1607 1368 ¹

420 1476 514 1560 absit,
539 1479 724 1562 existamus,
748 1479 836 1546 dicto
862 1478 949 1562 Regi
965 1478 1137 1563 Hungarie
1162 1487 1195 1547 et
1220 1482 1287 1546 suis
1312 1481 1486 1548 heredibus
1508 1489 1534 1545 et

421 1587 670 1669 suecessoribus,
692 1586 872 1671 Regnaque
897 1608 954 1653 suo
979 1609 1018 1653 ac
1042 1589 1142 1656 terris
1159 1610 1217 1654 suo
1235 1589 1378 1655 dominio
1396 1590 1534 1656 subiectis

420 1694 544 1760 nullum
568 1696 751 1779 dampnum,
782 1695 972 1781 nullumque
996 1703 1233 1779 nocumentum,
1263 1695 1421 1764 offensam
1445 1707 1476 1764 et
1496 1699 1535 1762 in·

420 1802 538 1868 iuriam
554 1801 736 1885 inferemus,
752 1825 811 1869 nec
828 1805 931 1869 eciam
947 1825 1005 1887 per
1016 1811 1187 1886 nostrates,
1204 1812 1236 1871 et
1246 1807 1329 1872 alios
1340 1827 1534 1890 quoscunque

420 1907 534 1974 inferri
549 1911 724 1994 paciemur,
741 1912 818 1994 quin
833 1932 906 1996 ymo
923 1911 1028 1976 eidem
1043 1910 1131 1996 Regi
1141 1913 1323 1997 Hungarie,
1340 1915 1408 1979 suis
1422 1913 1535 1980 heredi·

420 2017 490 2098 bus,
514 2023 547 2083 et
571 2018 819 2099 successoribus,
844 2017 1024 2102 Regnaque
1049 2040 1108 2086 suo
1133 2020 1281 2103 predicto
1306 2027 1423 2087 contra
1439 2042 1537 2087 omnes

421 2124 565 2191 homines
590 2127 809 2208 cuiuscunque
834 2133 949 2210 status,
988 2125 1156 2210 dignitatis
1181 2133 1214 2192 et
1237 2127 1372 2193 honoris
1399 2131 1537 2208 existant,

419 2234 523 2297 eciam
538 2234 566 2299 si
583 2233 655 2317 quis
672 2253 783 2299 eorum
798 2232 967 2318 Imperiali
992 2232 1179 2318 prefulgeat
1193 2233 1366 2316 dignitate,
1391 2237 1478 2301 nullo
1491 2258 1538 2320 pe·

419 2341 507 2404 nitus
524 2346 666 2423 excepto,
683 2339 804 2406 dictum
814 2340 939 2425 Regem
949 2340 1132 2426 Hungarie,
1148 2341 1287 2406 heredes
1303 2348 1337 2407 et
1347 2363 1539 2409 successores

421 2467 505 2528 suae,
530 2447 743 2532 Regnumque
759 2471 860 2530 suum,
887 2472 927 2516 ac
942 2449 1062 2516 Partes
1080 2472 1137 2516 seu
1152 2450 1261 2533 Regni
1277 2451 1328 2517 sui
1345 2451 1435 2532 fines,
1459 2454 1538 2536 pari·

419 2560 534 2638 terque
559 2561 677 2622 cuncta
702 2557 845 2623 dominia
870 2557 903 2622 in
919 2563 988 2624 toto
1005 2558 1056 2624 vel
1072 2557 1107 2624 in
1121 2565 1216 2642 parte
1232 2581 1290 2625 suo
1306 2560 1457 2644 regimini
1473 2558 1539 2624 suh·

420 2662 505 2727 iecta
522 2663 722 2746 incedentes,
741 2663 914 2730 turbantes
931 2670 965 2730 et
979 2671 1184 2751 occupantes,
1210 2673 1243 2732 et
1260 2668 1428 2750 quibusuis
1444 2668 1540 2733 inimi-

420 2770 510 2854 cicijs
535 2769 657 2837 eisdem
671 2771 874 2855 insultantes
899 2773 1051 2856 quociens
1066 2771 1168 2840 fuerit
1183 2796 1323 2859 necesse,
1350 2782 1383 2840 et
1398 2797 1457 2861 per
1471 2797 1541 2840 eun·

420 2878 503 2960 dem,
527 2879 727 2964 heredesque
744 2900 827 2961 suos,
852 2887 911 2945 aut
927 2899 1136 2965 successores,
1157 2888 1191 2948 ct
1206 2882 1357 2966 Regnum
1373 2903 1474 2962 suum,
1488 2887 1542 2948 aut

419 2993 547 3071 partem
562 2987 670 3072 Regni
695 2979 753 3054 sui
768 2990 820 3054 vel
846 2986 981 3074 dominij
1008 2988 1164 3056 fuerimus
1187 2991 1346 3076 requisiti,
1370 2991 1541 3068 consilium,

419 3094 608 3177 subsidium,
625 3097 780 3163 auxilium
797 3103 830 3161 et
842 3097 999 3181 juuamen
1015 3099 1094 3165 totis
1108 3099 1230 3165 nostris
1247 3099 1372 3165 uiribus
1389 3105 1423 3165 et
1436 3106 1542 3183 poten·

420 3201 471 3266 cie
487 3210 645 3287 perpetuo
660 3210 817 3288 tanquam
834 3212 949 3272 contra
964 3207 1115 3290 proprios
1125 3213 1257 3276 nostros
1267 3189 1542 3273 inimicostociens

419 3309 648 3393 impendemus
686 3312 761 3378 Hoc
786 3313 972 3395 specialiter
998 3314 1176 3395 declarato,
1204 3314 1292 3398 quod
1317 3314 1405 3380 dicto
1421 3314 1543 3380 domino

422 3416 564 3483 Hernico
588 3418 656 3484 filio
673 3418 776 3485 Ducis
793 3418 924 3486 Ottonis
950 3441 1068 3503 genero
1086 3430 1206 3502 nostro,
1233 3427 1265 3486 et
1281 3421 1348 3486 suis
1365 3421 1543 3499 heredibus

421 3519 667 3610 fautoribusque
684 3528 749 3593 suis
766 3527 965 3611 quibuslibet
981 3535 1096 3594 contra
1112 3529 1295 3612 predictum
1311 3530 1439 3612 Regem
1456 3527 1545 3594 Hun-

421 3633 522 3716 garie,
538 3633 738 3718 herodesque
754 3655 828 3700 suos
844 3641 877 3700 et
893 3649 1101 3720 successores,
1117 3629 1175 3702 aut
1185 3636 1336 3718 Regnum
1352 3636 1464 3720 ipsius,
1480 3635 1544 3699 siue

421 3747 540 3825 partes,
566 3743 636 3807 siue
660 3742 740 3808 fines
764 3741 871 3824 Regni
897 3745 955 3824 sui,
978 3745 1012 3810 in
1038 3745 1177 3828 pecunia
1194 3747 1251 3809 aut
1268 3743 1455 3810 hominibus
1472 3764 1545 3806 nun-

421 3869 520 3935 quam
545 3849 671 3934 aliquid
695 3850 922 3932 prestabimus,
948 3872 1007 3916 nec
1031 3853 1171 3935 prestari
1198 3849 1354 3916 faciemus
1371 3849 1542 3928 consilium,

420 3956 587 4040 auxilium,
602 3956 781 4023 subsidium
797 3957 848 4024 vel
860 3957 1024 4042 juuamen,
1041 3978 1099 4024 nec
1114 3979 1173 4044 per
1188 3965 1317 4024 nostras
1333 3964 1440 4025 terras
1455 3966 1487 4025 et
1501 3963 1541 4022 te-

418 4071 516 4129 nutas
541 4057 645 4129 eidem
669 4065 844 4130 transitum
870 4066 1091 4131 concedemus.
1130 4067 1216 4132 ano
1243 4066 1271 4130 si
1285 4065 1372 4131 idem
1389 4066 1542 4134 Herricus

417 4169 495 4238 Dux
510 4174 638 4239 nomine
654 4194 721 4254 sue,
737 4174 788 4240 vel
804 4174 837 4237 in
854 4173 990 4239 alterius
1007 4175 1223 4257 cuiuscunque
1232 4174 1366 4240 alcioris
1375 4177 1481 4259 partis
1491 4170 1536 4238 vel
1606 4239 1607 4250 ,

417 4279 560 4361 minoris,
585 4281 687 4346 eciam
702 4280 916 4364 Imperatoris
932 4279 1055 4362 fauore,
1081 4281 1203 4346 dictum
1219 4280 1345 4364 Regem
1362 4280 1538 4366 Hung'aria

420 4393 477 4450 eut
503 4408 577 4452 suos
602 4387 746 4468 heredes,
772 4389 841 4452 siue
865 4409 1078 4468 successores,
1102 4388 1151 4454 rel
1177 4387 1328 4470 Regnum
1353 4409 1456 4470 suurn,
1481 4388 1539 4453 siue

419 4500 546 4583 partem
573 4501 605 4559 et
630 4494 708 4562 fines
732 4495 839 4582 Regni
867 4497 917 4564 sui
944 4497 1201 4598 quandocunque
1220 4503 1251 4562 et
1269 4497 1538 4587 quocienscunque
