3170 5234
384 435 449 504 228
743 455 979 514 amnouaczmr
996 439 1164 501 amusan.

381 623 485 682 testas
512 617 657 683 Sibenici
681 617 716 681 in
741 616 808 680 vita
827 637 898 698 sua,
918 616 1032 699 etqui,
1054 615 1141 697 quod
1157 614 1286 695 volebat
1302 614 1388 680 idem
1403 612 1499 678 Helias

364 739 365 742 ’
381 725 488 791 lacere
509 727 542 789 in
559 725 647 791 dicto
659 725 752 789 Bano
770 724 876 789 Paulo
892 731 924 787 et
937 723 1094 789 fratribus
1110 722 1184 804 suis,
1200 721 1345 788 faciebat
1360 722 1498 801 liberast

381 834 521 898 maxime
547 835 580 898 iu
606 833 750 898 utilitate
776 837 809 895 et
835 830 986 913 profectu
1008 831 1145 896 Civitati
1167 827 1319 895 Sibenici.
1338 831 1420 896 Cum
1434 837 1496 894 tem-

380 961 459 1023 pore
481 963 599 1025 guerre
619 938 766 1026 (contra)
783 939 964 1004 'l'ricstinos
980 939 1049 1004 tria
1065 939 1156 1020 ligna
1172 939 1370 1002 armavimus
1386 940 1427 1003 ad
1442 958 1498 1022 per·
1534 920 1538 930 ’

380 1047 583 1131 sequendum
610 1046 758 1113 inimicos
786 1053 912 1112 vestros
939 1055 971 1112 et
997 1053 1135 1126 nostros
1161 1065 1223 1129 que
1239 1046 1306 1111 tria
1322 1054 1429 1111 vestra
1443 1065 1498 1128 pre·

379 1157 468 1222 dicta
495 1157 587 1240 ligna
604 1157 793 1221 invaserunt
803 1177 902 1220 unum
928 1155 1052 1236 lignum
1078 1153 1321 1219 Triestinorum
1348 1155 1406 1222 sub
1422 1153 1496 1218 dicta

379 1265 513 1329 civitate
539 1263 690 1345 Sibenici,
709 1264 765 1346 qui
785 1262 1008 1328 Sibenicenses
1028 1263 1096 1326 sine
1112 1262 1223 1345 aliqua
1239 1261 1410 1328 occasione
1425 1261 1497 1326 mala

379 1372 497 1438 habita
522 1373 609 1438 inter
634 1393 692 1438 nos
718 1379 752 1437 et
767 1373 856 1454 ipsos
872 1378 1027 1454 ceperunt
1042 1392 1134 1436 arma
1149 1378 1264 1436 eontra
1281 1392 1340 1436 nos
1357 1393 1415 1454 per
1430 1390 1500 1435 com·

379 1502 483 1561 mune,
501 1487 534 1546 et
559 1480 774 1547 defenderunt
809 1479 934 1544 dictum
959 1479 1093 1561 lignum,
1119 1500 1158 1545 ac
1182 1478 1434 1545 vulneraverunt
1457 1497 1503 1541 neo

377 1609 444 1654 non
471 1589 662 1654 occiderunt
679 1588 905 1672 quamplures
922 1587 962 1651 de
980 1587 1193 1667 nostratibus,
1210 1610 1274 1652 non
1290 1589 1441 1652 timentes
1456 1605 1500 1670 pc-

380 1697 518 1760 tentiam
528 1703 680 1778 vestram,
699 1717 738 1762 ac
755 1696 795 1759 de
811 1695 904 1760 nobis
921 1695 1003 1759 nihil
1018 1702 1190 1774 curantes,
1222 1703 1425 1778 quapropter
1440 1713 1498 1777 pre·
1571 1677 1572 1694 ³

379 1803 459 1869 dicti
485 1801 708 1869 Sibenicenses
734 1804 884 1888 predicta
900 1805 973 1869 ausi
987 1802 1121 1868 fuerunt
1141 1804 1250 1867 facere
1267 1809 1384 1868 contra
1399 1799 1497 1866 Domi·

378 1911 544 1976 nationem
555 1908 710 1977 Vestram
722 1917 754 1976 et
764 1917 881 1975 contra
891 1931 968 1990 nos3
984 1910 1146 1993 quomodo
1156 1909 1354 1975 credendum
1370 1916 1420 1974 est
1434 1907 1500 1992 ipsis

378 2018 467 2101 quod
485 2018 512 2082 si
528 2016 720 2085 habuissent
736 2040 792 2083 seu
808 2018 969 2084 haberent
985 2017 1118 2099 aliquod
1135 2019 1188 2083 ius
1203 2019 1237 2081 in
1253 2017 1408 2100 predictis
1424 2018 1497 2081 insu·

379 2124 421 2189 lis
447 2146 504 2190 seu
530 2125 564 2189 in
589 2126 755 2210 aliquibus
781 2126 886 2205 rebus
911 2147 977 2190 non
1002 2124 1138 2190 fuissent
1157 2126 1238 2191 ausi
1258 2125 1297 2190 de
1317 2125 1387 2189 iure
1403 2131 1499 2208 petere
1571 2159 1572 2164 κ

382 2254 439 2298 scu
466 2233 517 2296 uti
534 2235 607 2298 iura
624 2255 692 2316 sua,
708 2255 779 2297 cum
796 2254 861 2297 non
876 2234 1030 2298 timerent
1045 2234 1171 2298 maiora
1188 2239 1219 2298 et
1234 2233 1384 2317 predicta
1400 2250 1497 2315 perpe·

380 2347 480 2405 trare.
497 2341 580 2406 Oum
596 2348 676 2406 tnnc
692 2343 848 2425 temporis
863 2339 927 2406 fuit
943 2341 1109 2424 predictus
1119 2340 1234 2414 Helias
1245 2342 1399 2409 Potestas
1416 2339 1495 2406 Sibe·

379 2449 454 2529 nici,
481 2447 580 2512 etiam
607 2448 692 2514 Cosa
717 2448 803 2514 filius
820 2449 899 2514 dicti
910 2449 1017 2531 Helie,
1035 2456 1068 2514 et
1089 2449 1145 2513 alii
1161 2449 1337 2513 existentes
1354 2447 1497 2512 Rectores
1567 2463 1572 2470 ”

379 2576 434 2620 seu
446 2554 633 2620 Potestates
643 2555 889 2621 dicteOivitatis
898 2549 1042 2621 Sibenici
1052 2555 1218 2621 iaciebant
1228 2555 1269 2620 de
1279 2553 1433 2639 predictis
1444 2554 1498 2619 Ba·

378 2663 437 2742 nis,
448 2664 531 2729 sicut
547 2670 581 2726 et
596 2662 713 2729 Helias
729 2664 897 2748 predictus
913 2663 1057 2731 faciebat
1073 2664 1114 2728 de
1125 2662 1275 2747 predicto
1288 2663 1382 2730 Bano
1397 2661 1499 2729 Paulo.
1570 2685 1572 2742 j

379 2769 476 2837 Vnde
502 2791 567 2835 non
592 2771 777 2851 verisimile,
793 2793 852 2836 nec
877 2771 959 2836 fides
984 2771 1168 2839 adhibenda
1194 2779 1252 2854 est,
1269 2773 1357 2856 quod
1374 2770 1497 2855 predicti
1570 2749 1572 2786 ²

378 2875 464 2940 Bani
479 2897 544 2942 non
559 2878 785 2960 permitterent
799 2879 964 2962 predictos
982 2877 1209 2946 Sibeniccnses
1235 2881 1285 2944 uti
1299 2883 1372 2944 iura
1392 2899 1454 2956 sua,
1469 2883 1495 2939 et
1571 2917 1572 2922 κ

378 2985 517 3050 maxime
528 2985 562 3048 in
572 2985 718 3051 utilitate
736 2994 767 3051 et
783 2986 935 3069 profectu
950 2985 1141 3052 Communis
1159 2985 1310 3054 Sibenici.
1327 2987 1396 3054 Imo
1412 2987 1496 3050 etiam

379 3091 518 3174 predicti
546 3089 770 3158 Sibenicenses
796 3094 1000 3177 quandoque,
1016 3102 1055 3160 ut
1069 3095 1236 3178 publicum
1253 3100 1286 3160 et
1301 3093 1496 3161 manifestum
1571 3125 1572 3170 3

378 3204 436 3279 est,
463 3206 577 3264 contra
593 3200 759 3282 predictos
775 3202 888 3267 Banos
904 3203 1081 3285 capiebant
1097 3225 1189 3268 arma
1205 3224 1264 3286 per
1280 3224 1454 3282 commune,
1468 3209 1495 3263 et
1571 3249 1572 3254 η

379 3325 452 3368 cum
479 3308 623 3371 exercitu
647 3294 739 3372 ibant
768 3329 864 3392 super
887 3309 1089 3375 territorium
1113 3311 1336 3394 predictorum
1362 3310 1452 3376 Pauli
1469 3314 1496 3372 et

275 3441 278 3447 ·
379 3411 520 3477 Mladini
545 3414 723 3495 Banorum,
750 3436 831 3498 quos
856 3419 1026 3484 nominant
1050 3419 1120 3484 fore
1145 3440 1258 3485 eorum
1282 3427 1441 3503 tyrannos.
1457 3416 1495 3482 nt
1571 3483 1572 3486 ,

379 3519 477 3584 etiam
503 3518 696 3603 Saracenos,
722 3523 827 3588 frater
854 3525 932 3590 dicti
957 3525 1052 3608 (lose,
1067 3526 1222 3592 Potestas
1240 3524 1379 3593 Sibinici
1394 3527 1424 3591 in
1439 3525 1495 3588 rita

379 3623 476 3691 Pauli
492 3628 579 3693 Beni
603 3629 751 3712 predicti,
767 3631 855 3714 quod
870 3632 1036 3715 publicum
1053 3641 1111 3714 est,
1128 3634 1187 3699 ivit
1203 3655 1277 3699 cum
1293 3635 1437 3701 omnibus
1451 3629 1494 3696 Si·
1571 3619 1572 3686 ss

377 3731 607 3800 benicensibus
632 3758 691 3819 per
708 3756 875 3802 commune
892 3747 969 3805 ante
986 3747 1130 3806 castrum
1147 3739 1315 3808 Scardone
1332 3765 1402 3807 cum
1417 3759 1494 3806 exer·
1571 3775 1572 3778 ¹

378 3839 443 3904 citu
472 3840 614 3909 Sibenici
631 3851 748 3910 contra
765 3847 928 3928 predictos
948 3846 1068 3913 Banos.
1085 3847 1176 3932 Ergo
1192 3871 1259 3915 non
1284 3850 1412 3916 videtur
1434 3867 1494 3932 pre
1571 3837 1572 3872 ³

379 3944 457 4010 dicti
476 3948 563 4014 Bani
579 3949 650 4015 fore
667 3973 780 4016 eorum
795 3953 935 4036 tyranni,
952 3956 1008 4036 qui
1023 3953 1219 4038 impedirent
1236 3977 1294 4023 seu
1310 3957 1495 4022 contradice

376 4061 451 4118 rent
474 4057 571 4122 dictis
598 4057 863 4125 Sibenicensibus
890 4062 939 4124 uti
966 4069 999 4125 et
1024 4063 1094 4145 peti
1113 4066 1185 4128 iura
1201 4085 1270 4130 sua.
1287 4065 1380 4148 Ergo
1395 4067 1421 4129 si
1435 4084 1495 4146 pre·

377 4159 457 4226 dicti
468 4159 694 4230 Sibenicenses
705 4167 854 4250 predicta
863 4167 1037 4248 faciebant,
1055 4191 1118 4254 que
1135 4177 1230 4236 erant
1245 4173 1369 4256 gravia,
1386 4177 1493 4256 quanto
1570 4173 1572 4246 ξ

376 4269 480 4350 magis
497 4271 660 4339 debebant
677 4280 710 4338 ct
734 4281 887 4358 poterant
907 4283 985 4342 tunc
1004 4283 1038 4342 et
1054 4278 1138 4344 alias
1163 4280 1231 4364 peti
1256 4286 1290 4345 et
1306 4283 1355 4346 uti
1372 4281 1440 4345 iura
1453 4277 1494 4340 sui
1571 4271 1572 4336 j

379 4370 575 4460 Communis,
592 4382 619 4447 si
635 4402 699 4464 qua
715 4381 884 4466 haberent,¹
900 4406 961 4468 quc
976 4374 1152 4471 unicuique
1178 4393 1254 4452 sunt
1271 4409 1422 4454 concessa
1436 4383 1493 4470 peti

379 4485 412 4541 et
429 4483 487 4561 uti,
504 4493 536 4550 et
552 4494 650 4568 prout
675 4491 737 4574 ipsi
763 4489 988 4559 Sibenicenses
1012 4495 1224 4579 requirebant
1249 4517 1310 4562 sua
1335 4497 1493 4562 confinita
1571 4539 1572 4578 3

382 4587 449 4652 suis
466 4590 712 4676 circumvicinis,
728 4598 833 4664 silicet
849 4623 869 4665 a
885 4597 1162 4688 Traguriensibus
1188 4611 1222 4668 ct
1246 4604 1320 4670 aliis
1345 4605 1432 4669 iuxta
1445 4619 1492 4666 suc
1571 4679 1572 4686 ,
