3244 5236
656 348 751 409 1341.

662 531 737 590 387.

131 691 254 755 Dusae
287 691 403 756 Istoa'o
428 690 514 754 azert
539 689 721 776 kirdlynalt
746 686 839 754 levale
856 713 877 754 a
893 690 1047 755 oeleoozei
1063 691 1208 776 dogelsez,
1225 712 1264 754 aa

131 799 338 886 orszciqcinale
373 798 497 884 tangeri
522 801 663 886 party'do
693 799 808 864 llirte'ot
839 800 1042 884 hajoto're'sek
1072 799 1265 885 taryyohan,

654 907 749 974 1341.

242 1027 427 1152 Stephanus
453 1068 518 1134 Dei
543 1067 650 1152 gratia
670 1065 803 1155 Serrye,
817 1068 954 1150 Dioclis,
969 1067 1146 1148 Dalmatia,
1161 1063 1265 1132 Alba·

1 1257 2 1266 *
130 1177 194 1260 nie,
221 1197 280 1242 neo
305 1199 370 1242 non
385 1179 486 1244 totius
502 1176 672 1242 Maritime
687 1177 845 1263 Regionis
862 1176 944 1259 Rex;
961 1175 1142 1260 Spectabili
1158 1177 1265 1241 Fran-

133 1284 220 1349 eisoo
236 1283 402 1366 Dandulo,
419 1283 632 1351 Venetiarum
649 1285 744 1367 Duei,
761 1286 881 1352 dilecto
897 1284 990 1350 nobis
1007 1289 1041 1349 et
1057 1281 1163 1365 fratri,
1180 1282 1265 1348 salu·

133 1397 202 1456 tem
243 1411 340 1475 quam
372 1391 441 1457 sibi.
479 1393 620 1459 Novitus
651 1395 813 1478 gratuitas
844 1393 1025 1476 recepimus
1055 1395 1179 1456 vestras
1211 1389 1265 1455 lit-

130 1506 233 1583 teras,
249 1519 387 1582 quarum
403 1505 515 1566 tenore
530 1498 659 1584 plenius
675 1501 851 1585 intellecto,
867 1506 1009 1566 vestram
1024 1498 1273 1588 fraternitatem.

133 1607 219 1674 seire
244 1607 444 1688 affectamus,
471 1611 577 1676 nostri
596 1609 732 1692 Regalis
748 1609 898 1688 nominis,
915 1629 953 1673 ao
968 1609 1002 1673 in
1018 1613 1130 1674 nostra
1146 1627 1264 1691 propa-

17 1715 21 1722 “
134 1715 209 1799 gine
233 1717 447 1782 constitutum
472 1739 550 1798 esse,
577 1717 617 1783 de
633 1718 855 1784 accidentibus
870 1715 1050 1801 naufragiis
1066 1717 1100 1781 in
1115 1715 1263 1799 portibus

134 1830 249 1889 nostre
274 1825 426 1909 regionis,
452 1825 538 1908 quod
554 1826 683 1908 singula
699 1847 739 1891 ao
755 1823 954 1891 universalia
970 1825 1055 1890 bona
1080 1846 1136 1889 seu
1153 1824 1265 1889 merei-

132 1933 245 1998 monia
284 1932 445 1998 dictorum
474 1932 770 2018 naufragrancinm,
802 1933 844 2000 ad
868 1938 1013 1998 nostram
1043 1931 1265 2016 Regalitatem

133 2038 244 2106 debite
261 2041 445 2124 succedant,
462 2043 547 2126 quod
564 2064 676 2109 versus
686 2063 741 2108 vos
751 2047 933 2109 etvestram
945 2035 1102 2107 Duealem
1115 2039 1264 2106 Commu-

134 2147 274 2214 nitatem
298 2149 429 2215 minime
455 2172 613 2231 curamus,
638 2171 711 2215 oum
737 2148 779 2216 ds
808 2150 907 2216 simili
923 2149 962 2216 de
978 2157 1090 2215 vestra
1105 2147 1265 2230 dignitate

134 2255 203 2319 sine
229 2255 329 2322 dubio
353 2258 565 2341 postulamus
590 2257 714 2325 Verum
740 2258 783 2324 ad
808 2279 866 2324 nos
891 2259 1115 2323 transmittere
1144 2255 1265 2322 ouretis

1 2436 3 2443 ,
131 2360 225 2428 robis
248 2362 438 2448 fidedignos,
463 2366 580 2452 quibus
605 2367 767 2433 rationem
793 2365 938 2432 debitam
963 2365 1002 2431 de
1018 2365 1216 2450 perpetratis
1230 2361 1264 2428 in

137 2468 314 2554 naufragio
341 2493 445 2558 nuper
471 2496 602 2541 aooesso
617 2477 650 2540 in
675 2481 788 2540 nostra
812 2475 953 2558 regione,
978 2493 1017 2539 ao
1041 2473 1127 2538 bona
1144 2470 1266 2546 ablata,

136 2577 207 2642 sine
224 2579 382 2648 dilatione
398 2585 528 2649 restitui
544 2583 711 2666 faciamus,
726 2589 826 2667 prout
843 2583 882 2648 de
898 2586 1013 2648 nostra
1026 2579 1213 2664 Regalitate
1227 2584 1265 2643 ut

133 2687 297 2754 oredimus
323 2689 501 2756 confidatis.
527 2689 651 2757 Datum
678 2693 710 2756 in
736 2687 856 2774 Regali
880 2695 996 2755 nostra
1011 2685 1122 2769 Curia,
1139 2682 1263 2751 XXII.

133 2795 253 2862 mensis
272 2797 390 2864 Madii.

244 2959 281 3022 (A
305 2959 409 3026 »Copia
432 2960 467 3011 de
486 2959 696 3012 comemoriali»
712 2960 801 3010 ezimu
816 2959 956 3010 velenezei
970 2945 1199 3021 aillamlronyvbol
1212 2956 1264 3006 ΙΙΙ.

133 3049 196 3098 kot.
213 3051 270 3098 198.
289 3049 355 3111 lev.)

622 3227 780 3235 auu-...d

1 3610 3 3615 v
131 3573 163 3638 Α
181 3571 333 3636 velencaei
349 3569 692 3656 kormcinytoncicsuok
718 3569 893 3655 elapede'lye,
909 3571 990 3654 kopp
1015 3567 1134 3632 Dusae
1150 3567 1174 3629 I
1173 3572 1266 3632 alodo

195 3681 283 3745 ezerb
300 3679 413 3764 loirsily
436 3681 586 3742 sedando-a
602 3677 781 3764 fepyoerele
798 3675 1082 3740 leivittethesseuek.
1109 3675 1205 3738 1341.

241 3835 342 3904 Anno
356 3837 490 3904 Domini
507 3833 735 3902 MOOOXLI.
754 3835 806 3900 die
822 3833 908 3900 XII.
924 3833 1017 3900 Junii
1034 3832 1099 3898 IX.
1115 3830 1264 3898 indictio·

1 3939 2 3942 ¹
128 3967 182 4013 ne.
208 3943 368 4028 Capta:
400 3940 498 4028 Quod
529 3942 694 4009 Martolus
728 3941 892 4024 Georgius
917 3941 956 4005 de
972 3939 1120 4022 Ragusio
1136 3939 1265 4005 nomine

1 4073 2 4080 ’
33 4051 35 4054 ’
128 4052 255 4122 domini
271 4053 373 4136 Regis
390 4050 496 4116 Raxie
528 4051 630 4134 possit
662 4049 834 4115 extrahere
866 4050 1012 4115 coraoias
1037 4045 1184 4130 LXXV,
1200 4068 1263 4130 que

130 4166 212 4229 sunt
228 4157 269 4227 de
286 4161 400 4244 gracia
424 4158 513 4224 facta
537 4157 620 4222 alias
647 4157 752 4222 eidem
783 4157 914 4222 domino
930 4157 1025 4239 Regi,
1041 4154 1195 4220 soluendo
1211 4153 1265 4220 da-

130 4271 222 4337 cium
236 4268 383 4336 debitum
399 4272 512 4335 nostro
529 4265 711 4347 Communi,
727 4271 760 4330 et
776 4265 961 4330 mittereac]
977 4265 1084 4349 ipsum
1100 4263 1265 4328 dominum

128 4376 258 4460 Regem
274 4374 390 4442 Raxie.

243 4537 280 4602 (A
296 4537 404 4592 »uisu«
419 4537 508 4590 ozimlt
521 4537 661 4589 velenezei
674 4535 900 4599 allamkonyvbtl
913 4535 990 4586 XIX.
1004 4533 1062 4585 ket.
1077 4539 1119 4586 86.
1133 4534 1199 4601 lov.)

635 4701 706 4714 *⁶*ss
727 4699 778 4714 ‘¹⁸‘
