3234 5238
601 329 696 394 1269.
1164 329 1205 391 25

93 506 307 586 Prelatornm,
332 511 364 568 et
390 505 569 584 Beronum,
594 510 627 570 et
652 503 925 572 Consiliariornm
950 513 1153 586 nostrornm3
1179 511 1211 569 et

90 635 143 697 par
158 609 321 677 dationem
337 611 527 678 lieterarnm
544 612 710 693 utriusque
727 613 828 696 Regis
846 611 889 678 ad
906 611 1073 680 Summum
1093 613 1208 678 Ponti-

89 720 176 785 fieem
201 725 234 785 et
264 719 419 786 Sanctam
446 721 630 786 Romanam
660 721 852 802 Ecclesiam,
878 728 912 786 vt
937 723 998 806 ipsi
1026 721 1104 786 dent
1135 743 1211 786 suas

92 829 227 909 lictores,
245 828 363 909 quibus
380 829 574 911 promittant
594 829 875 894 excommunicare
899 830 990 895 illuni
1015 829 1151 911 Regem,
1176 835 1209 894 et

90 955 194 1000 omnes
209 934 303 1012 alies,
322 937 378 1018 qui
398 936 546 1002 iurarent
570 956 629 1020 pro
655 934 813 1019 predictis
839 939 1057 1022 marrimonijs
1082 943 1210 1002 eontra-

90 1043 207 1122 hendis,
223 1043 252 1106 si
269 1063 328 1125 per
345 1044 451 1126 ipsum
467 1043 601 1127 Regem,
618 1043 667 1108 vel
684 1045 807 1110 liberes
834 1045 903 1110 eins
930 1047 1020 1111 dieta
1046 1043 1210 1127 sponsalia

92 1156 121 1215 et
134 1150 353 1232 matrimonia,
369 1151 418 1215 vel
435 1151 568 1234 aliquod
585 1173 624 1216 ex
639 1152 721 1236 ipsis
737 1153 966 1236 matrimonijS,
983 1158 1016 1217 et
1031 1151 1097 1216 alia
1115 1157 1213 1235 pacta

90 1247 150 1324 n'on
167 1259 382 1324 {tetenderant
398 1260 451 1324 vel
468 1280 533 1324 non
559 1260 768 1343 complerent,
793 1260 843 1326 vel
867 1281 931 1325 nen
957 1259 1103 1326 lacerent
1127 1281 1212 1324 eom-

88 1366 176 1450 pleri,
193 1366 373 1430 secundum
400 1373 499 1450 pacta
525 1371 558 1430 et
583 1367 822 1450 connectiones,
848 1389 908 1449 que
934 1367 1038 1432 dietus
1063 1366 1213 1430 dominns

86 1472 152 1539 Rex
168 1476 298 1540 nomine
315 1494 372 1537 suo
384 1479 416 1538 e't
431 1473 606 1540 liberorum
624 1495 764 1556 suorum,
781 1481 813 1539 et
824 1475 903 1540 dieti
912 1478 1149 1559 procuratores
1159 1471 1209 1537 vel

87 1581 196 1646 saltem
213 1582 279 1646 duo
295 1603 334 1645 ex
351 1583 397 1646 eis
422 1581 571 1647 facerent
597 1582 725 1647 nomine
753 1589 866 1649 nostro
893 1591 926 1648 et
951 1582 1130 1648 liberorum
1157 1603 1212 1645 no·

86 1695 222 1753 strorum
238 1709 339 1772 super
355 1689 506 1754 omnibus
522 1695 554 1754 et
579 1691 717 1772 singulis
743 1690 958 1774 supradietis3
984 1690 1212 1773 promittentes

87 1796 168 1860 bona
182 1795 247 1860 fida
265 1795 439 1860 estendere
457 1803 489 1861 et
504 1797 676 1880 complere,
693 1802 726 1861 et
741 1819 800 1880 per
816 1803 945 1863 nostros
960 1798 1081 1864 liberos
1097 1797 1204 1864 iacere

88 1903 209 1986 integre
226 1903 405 1984 obseruari,
421 1904 509 1985 qnod
526 1905 589 1986 ipsi
606 1911 846 1987 procuratores,
862 1906 912 1970 vel
932 1906 995 1970 dno
1012 1927 1050 1970 ex
1067 1906 1112 1970 eis
1137 1927 1208 1970 cnm

88 2011 153 2094 ipso
177 2010 311 2076 demine
328 2009 418 2094 Rege
443 2010 564 2076 facient
589 2017 623 2076 et
648 2011 845 2078 ordinabunt
870 2012 1045 2078 seeundum
1075 2014 1209 2077 lictores

86 2119 341 2198 conuentionum,
359 2139 422 2200 que
440 2119 515 2184 inde
531 2119 627 2200 fient,
645 2117 758 2184 dantes
774 2121 828 2204 eis,
846 2119 898 2185 vel
923 2119 1048 2186 dnobus
1066 2143 1104 2185 ex
1129 2120 1209 2203 ipsis

86 2231 278 2308 potestatem
293 2227 508 2310 promittendi
523 2227 674 2310 predicta
690 2229 799 2292 omnia
815 2231 943 2292 nomine
974 2232 1086 2293 nostro
1112 2232 1145 2291 et
1169 2227 1207 2290 li-

86 2333 232 2400 berorum
248 2340 445 2418 nostrornm,
461 2341 495 2399 et
509 2333 683 2400 iurandum
698 2335 731 2398 in
747 2337 858 2400 anima
873 2341 996 2418 nostra,
1022 2334 1111 2417 qnod
1137 2355 1208 2418 pre-

87 2441 169 2506 dicte
183 2443 271 2507 bona
286 2442 351 2506 fide
367 2444 579 2522 seruabimns,
595 2447 627 2506 at
643 2441 797 2508 faciemus
822 2443 910 2507 bona
925 2443 988 2507 fide
1004 2443 1137 2508 seruari.
1166 2441 1207 2506 In

87 2549 170 2614 euius
186 2549 235 2615 rei
251 2549 474 2616 testimonium
490 2556 657 2634 presentes
688 2551 822 2616 lictores
847 2550 1074 2628 nostrasfieri,
1104 2555 1138 2614 ct
1170 2549 1210 2614 si-

87 2656 160 2738 gillo
176 2657 368 2724 Maiestatis
394 2655 520 2723 Nostra
544 2658 699 2723 iussimus
724 2658 924 2724 communiri.
948 2657 1074 2724 Datum
1099 2656 1211 2723 Melfie

15 2831 17 2876 ζ
86 2762 158 2830 XV.
174 2763 379 2849 Septembris
396 2763 500 2830 XIH.
516 2764 711 2830 indictionis.

15 2923 17 2984 ξ
187 2909 224 2969 (Α
252 2909 391 2974 »Registri
428 2909 577 2974 Angioini«
616 2911 649 2959 D.
688 2913 708 2960 t.
734 2909 751 2959 i.
777 2910 876 2962 Karoli
902 2911 922 2959 Ι.
951 2915 974 2960 6.
1001 2925 1037 2960 az.
1064 2908 1211 2960 lubtetdbol

15 3005 17 3070 ὲ
86 2999 170 3062 81.1.;
190 3001 269 3059 mo.)

565 3109 724 3118 -—--·—ae

84 3471 207 3536 Beradt
224 3453 354 3536 cusinoi
386 3478 466 3558 (φάε
493 3474 525 3534 e's
551 3471 580 3534 I.
607 3471 733 3555 Kitroly
757 3470 882 3534 sicilici
907 3470 1020 3555 kiruily
1046 3470 1211 3534 bdeeteirrek

15 3081 19 3188 r

15 3201 20 3420 r
403 3417 407 3426 ,

15 3529 19 3674 l
240 3581 424 3645 reconna
441 3579 664 3665 revennae:
681 3579 925 3664 asumma-n.
954 3581 1048 3642 reso.

15 3685 19 3722 l

185 3739 374 3806 Bernardns
392 3744 451 3804 ete.
466 3739 601 3804 Raeteri
618 3743 677 3802 etc.
694 3737 759 3802 Per
775 3737 905 3803 litteras
923 3735 1025 3803 Sacro
1037 3733 1206 3804 (lesinensi

84 3845 264 3913 Conuentni
281 3845 475 3927 destinatas,
492 3868 573 3930 quas
588 3845 738 3910 volumus
754 3851 787 3910 te
804 3844 920 3924 videre,
936 3850 974 3909 nt
993 3843 1079 3908 eirca
1104 3841 1210 3908 breui-

83 3959 180 4019 tatem
197 3955 302 4021 multa
318 3957 446 4038 possint
462 3955 562 4036 sileri,
579 3954 735 4037 colligere
760 3951 885 4035 poteris
911 3955 1033 4016 statum
1059 3955 1208 4014 nostrum

16 4143 17 4146 Ἴ
85 4063 137 4143 qui
153 4085 211 4146 per
228 4063 293 4128 Dei
310 4062 462 4145 gratiam,
479 4082 551 4124 curn
570 4060 719 4126 omnibns
736 4060 856 4124 nostris
874 4059 970 4142 socijs
988 4064 1020 4122 et
1045 4056 1212 4122 seculiari-

15 4149 18 4240 l
85 4168 140 4233 bns
156 4171 231 4234 sani
246 4189 366 4248 snmus,
381 4169 415 4232 in
431 4165 516 4233 felici
532 4189 571 4233 ae
587 4172 680 4231 tanta
696 4167 901 4248 negotiorum
927 4163 1132 4248 expeditione
1156 4186 1210 4230 no-

15 4265 19 4314 ἶ
85 4276 156 4340 stris
205 4273 378 4340 laboribus
417 4274 645 4352 releuatornm,
678 4275 757 4338 data
789 4275 881 4340 nobis
913 4295 933 4336 a
962 4272 1036 4338 Deo
1069 4273 1210 4337 materia

84 4381 259 4446 exultandi.
276 4377 441 4464 Quocirca
456 4386 491 4446 to
507 4401 546 4446 ac
561 4387 690 4446 nostros
707 4382 854 4447 volumus
869 4401 937 4446 esse
953 4381 1037 4446 letos
1047 4385 1207 4463 etmagne

84 4488 198 4555 robore
215 4488 426 4572 confortatos,
443 4493 556 4554 nestra
571 4490 703 4573 negotia
719 4487 857 4554 viriliter
876 4510 1044 4572 peregere,
1061 4494 1093 4552 et
1112 4487 1211 4554 corda
