<?xml version="1.0" encoding="UTF-8"?>
<!DOCTYPE html PUBLIC "-//W3C//DTD XHTML 1.0 Transitional//EN"
    "http://www.w3.org/TR/xhtml1/DTD/xhtml1-transitional.dtd">
<html xmlns="http://www.w3.org/1999/xhtml" xml:lang="en" lang="en">
 <head>
  <title>
</title>
<meta http-equiv="Content-Type" content="text/html;charset=utf-8" />
  <meta name='ocr-system' content='tesseract 3.04.00' />
  <meta name='ocr-capabilities' content='ocr_page ocr_carea ocr_par ocr_line ocrx_word'/>
</head>
<body>
  <div class='ocr_page' id='page_1' title='image "./magyardiplomacz02wenzgoog_0412.png"; bbox 0 0 3244 5236; ppageno 0'>
   <div class='ocr_carea' id='block_1_1' title="bbox 413 337 1197 400">
    <p class='ocr_par' dir='ltr' id='par_1_1' title="bbox 413 337 1197 400">
     <span class='ocr_line' id='line_1_1' title="bbox 413 337 1197 400; baseline 0.001 -3"><span class='ocrx_word' id='word_1_1' title='bbox 413 337 477 398; x_wconf 82' lang='grc'><strong>366</strong></span> <span class='ocrx_word' id='word_1_2' title='bbox 774 351 1009 398; x_wconf 75' lang='lat' dir='ltr'><strong>orrnouacumr</strong></span> <span class='ocrx_word' id='word_1_3' title='bbox 1027 339 1197 400; x_wconf 47' lang='lat' dir='ltr'><strong>nutilium.</strong></span> 
     </span>
    </p>
   </div>
   <div class='ocr_carea' id='block_1_2' title="bbox 410 509 1616 3289">
    <p class='ocr_par' dir='ltr' id='par_1_2' title="bbox 410 509 1616 3289">
     <span class='ocr_line' id='line_1_2' title="bbox 410 509 1550 596; baseline 0.003 -21"><span class='ocrx_word' id='word_1_4' title='bbox 410 519 508 595; x_wconf 87' lang='lat' dir='ltr'><strong>prout</strong></span> <span class='ocrx_word' id='word_1_5' title='bbox 523 511 645 595; x_wconf 84' lang='lat' dir='ltr'><strong>justum</strong></span> <span class='ocrx_word' id='word_1_6' title='bbox 663 509 761 576; x_wconf 86' lang='lat' dir='ltr'><strong>luerit</strong></span> <span class='ocrx_word' id='word_1_7' title='bbox 777 516 809 574; x_wconf 86' lang='lat' dir='ltr'><strong>et</strong></span> <span class='ocrx_word' id='word_1_8' title='bbox 826 511 980 594; x_wconf 82' lang='lat' dir='ltr'><strong>expedire</strong></span> <span class='ocrx_word' id='word_1_9' title='bbox 997 513 1183 594; x_wconf 84' lang='lat' dir='ltr'><strong>viderimus,</strong></span> <span class='ocrx_word' id='word_1_10' title='bbox 1198 513 1412 596; x_wconf 80' lang='lat' dir='ltr'>procedemus</span> <span class='ocrx_word' id='word_1_11' title='bbox 1434 533 1550 578; x_wconf 88' lang='lat' dir='ltr'><strong>eorum</strong></span> 
     </span>
     <span class='ocr_line' id='line_1_3' title="bbox 412 616 1616 704; baseline 0 -20"><span class='ocrx_word' id='word_1_12' title='bbox 412 619 561 684; x_wconf 84' lang='lat' dir='ltr'><strong>absentia</strong></span> <span class='ocrx_word' id='word_1_13' title='bbox 586 616 830 684; x_wconf 88' lang='lat' dir='ltr'><strong>nonobstante.</strong></span> <span class='ocrx_word' id='word_1_14' title='bbox 863 616 1018 684; x_wconf 75' lang='lat' dir='ltr'><strong>Ceterum</strong></span> <span class='ocrx_word' id='word_1_15' title='bbox 1035 622 1062 684; x_wconf 85' lang='lat' dir='ltr'><strong>si</strong></span> <span class='ocrx_word' id='word_1_16' title='bbox 1078 620 1162 686; x_wconf 89' lang='lat' dir='ltr'><strong>sorte</strong></span> <span class='ocrx_word' id='word_1_17' title='bbox 1179 620 1325 704; x_wconf 85' lang='lat' dir='ltr'><strong>prefatos</strong></span> <span class='ocrx_word' id='word_1_18' title='bbox 1340 620 1548 704; x_wconf 76' lang='lat' dir='ltr'>Magistrum</span> <span class='ocrx_word' id='word_1_19' title='bbox 1615 675 1616 678; x_wconf 64' lang='grc'>,</span> 
     </span>
     <span class='ocr_line' id='line_1_4' title="bbox 412 725 1548 809; baseline 0 -17"><span class='ocrx_word' id='word_1_20' title='bbox 412 736 445 792; x_wconf 92' lang='lat' dir='ltr'><strong>et</strong></span> <span class='ocrx_word' id='word_1_21' title='bbox 469 725 588 791; x_wconf 87' lang='lat' dir='ltr'><strong>fratres</strong></span> <span class='ocrx_word' id='word_1_22' title='bbox 604 747 661 809; x_wconf 89' lang='lat' dir='ltr'><strong>per</strong></span> <span class='ocrx_word' id='word_1_23' title='bbox 678 745 737 792; x_wconf 87' lang='lat' dir='ltr'><strong>uos</strong></span> <span class='ocrx_word' id='word_1_24' title='bbox 754 725 804 791; x_wconf 91' lang='lat' dir='ltr'><strong>vel</strong></span> <span class='ocrx_word' id='word_1_25' title='bbox 820 725 920 792; x_wconf 86' lang='lat' dir='ltr'><strong>alium</strong></span> <span class='ocrx_word' id='word_1_26' title='bbox 936 747 994 792; x_wconf 87' lang='lat' dir='ltr'><strong>seu</strong></span> <span class='ocrx_word' id='word_1_27' title='bbox 1009 729 1092 794; x_wconf 85' lang='lat' dir='ltr'><strong>alios</strong></span> <span class='ocrx_word' id='word_1_28' title='bbox 1110 728 1182 794; x_wconf 91' lang='lat' dir='ltr'><strong>ausi</strong></span> <span class='ocrx_word' id='word_1_29' title='bbox 1200 750 1264 793; x_wconf 94' lang='lat' dir='ltr'><strong>non</strong></span> <span class='ocrx_word' id='word_1_30' title='bbox 1281 727 1411 793; x_wconf 87' lang='lat' dir='ltr'><strong>fueritis</strong></span> <span class='ocrx_word' id='word_1_31' title='bbox 1427 728 1461 792; x_wconf 93' lang='lat' dir='ltr'><strong>in</strong></span> <span class='ocrx_word' id='word_1_32' title='bbox 1478 726 1548 792; x_wconf 91' lang='lat' dir='ltr'><strong>Do-</strong></span> 
     </span>
     <span class='ocr_line' id='line_1_5' title="bbox 412 831 1546 918; baseline -0.002 -18"><span class='ocrx_word' id='word_1_33' title='bbox 412 834 518 900; x_wconf 90' lang='lat' dir='ltr'><strong>mibus</strong></span> <span class='ocrx_word' id='word_1_34' title='bbox 534 855 590 900; x_wconf 85' lang='lat' dir='ltr'><strong>seu</strong></span> <span class='ocrx_word' id='word_1_35' title='bbox 607 831 782 915; x_wconf 89' lang='lat' dir='ltr'><strong>domicilijs</strong></span> <span class='ocrx_word' id='word_1_36' title='bbox 798 831 974 898; x_wconf 89' lang='lat' dir='ltr'><strong>eorundem</strong></span> <span class='ocrx_word' id='word_1_37' title='bbox 990 833 1101 915; x_wconf 89' lang='lat' dir='ltr'><strong>citare,</strong></span> <span class='ocrx_word' id='word_1_38' title='bbox 1128 835 1177 900; x_wconf 87' lang='lat' dir='ltr'><strong>vel</strong></span> <span class='ocrx_word' id='word_1_39' title='bbox 1193 835 1256 918; x_wconf 90' lang='lat' dir='ltr'><strong>ipsi</strong></span> <span class='ocrx_word' id='word_1_40' title='bbox 1272 835 1546 918; x_wconf 85' lang='lat' dir='ltr'><strong>impedimentum</strong></span> 
     </span>
     <span class='ocr_line' id='line_1_6' title="bbox 412 939 1543 1026; baseline -0.002 -19"><span class='ocrx_word' id='word_1_41' title='bbox 412 943 616 1026; x_wconf 75' lang='lat' dir='ltr'><strong>prostiterint</strong></span> <span class='ocrx_word' id='word_1_42' title='bbox 632 940 776 1006; x_wconf 77' lang='lat' dir='ltr'><strong>nocituri</strong></span> <span class='ocrx_word' id='word_1_43' title='bbox 793 939 966 1006; x_wconf 84' lang='lat' dir='ltr'><strong>valeantin</strong></span> <span class='ocrx_word' id='word_1_44' title='bbox 976 941 1106 1024; x_wconf 85' lang='lat' dir='ltr'><strong>eisdem,</strong></span> <span class='ocrx_word' id='word_1_45' title='bbox 1122 942 1268 1008; x_wconf 89' lang='lat' dir='ltr'><strong>volumus</strong></span> <span class='ocrx_word' id='word_1_46' title='bbox 1277 949 1312 1009; x_wconf 90' lang='lat' dir='ltr'><strong>et</strong></span> <span class='ocrx_word' id='word_1_47' title='bbox 1321 941 1543 1023; x_wconf 87' lang='lat' dir='ltr'><strong>decernimus,</strong></span> 
     </span>
     <span class='ocr_line' id='line_1_7' title="bbox 413 1047 1549 1134; baseline -0.001 -20"><span class='ocrx_word' id='word_1_48' title='bbox 413 1049 504 1115; x_wconf 85' lang='lat' dir='ltr'><strong>robis</strong></span> <span class='ocrx_word' id='word_1_49' title='bbox 529 1055 563 1116; x_wconf 88' lang='lat' dir='ltr'><strong>et</strong></span> <span class='ocrx_word' id='word_1_50' title='bbox 587 1047 721 1114; x_wconf 78' lang='lat' dir='ltr'>cuilibet</span> <span class='ocrx_word' id='word_1_51' title='bbox 746 1052 888 1112; x_wconf 86' lang='lat' dir='ltr'><strong>vestrum</strong></span> <span class='ocrx_word' id='word_1_52' title='bbox 907 1050 1107 1130; x_wconf 89' lang='lat' dir='ltr'><strong>presentium</strong></span> <span class='ocrx_word' id='word_1_53' title='bbox 1124 1050 1321 1116; x_wconf 86' lang='lat' dir='ltr'><strong>auctoritate</strong></span> <span class='ocrx_word' id='word_1_54' title='bbox 1338 1049 1436 1116; x_wconf 84' lang='lat' dir='ltr'><strong>licere</strong></span> <span class='ocrx_word' id='word_1_55' title='bbox 1452 1051 1549 1134; x_wconf 87' lang='lat' dir='ltr'><strong>ipsos</strong></span> 
     </span>
     <span class='ocr_line' id='line_1_8' title="bbox 413 1153 1547 1242; baseline 0.002 -22"><span class='ocrx_word' id='word_1_56' title='bbox 413 1154 528 1222; x_wconf 89' lang='lat' dir='ltr'><strong>diebus</strong></span> <span class='ocrx_word' id='word_1_57' title='bbox 544 1155 709 1237; x_wconf 78' lang='lat' dir='ltr'>aliquibus</span> <span class='ocrx_word' id='word_1_58' title='bbox 725 1155 895 1222; x_wconf 80' lang='lat' dir='ltr'><strong>dominicis</strong></span> <span class='ocrx_word' id='word_1_59' title='bbox 911 1156 961 1220; x_wconf 87' lang='lat' dir='ltr'><strong>vel</strong></span> <span class='ocrx_word' id='word_1_60' title='bbox 976 1153 1114 1238; x_wconf 83' lang='lat' dir='ltr'><strong>festinis,</strong></span> <span class='ocrx_word' id='word_1_61' title='bbox 1140 1179 1212 1223; x_wconf 88' lang='lat' dir='ltr'><strong>cum</strong></span> <span class='ocrx_word' id='word_1_62' title='bbox 1228 1158 1368 1242; x_wconf 90' lang='lat' dir='ltr'><strong>populus</strong></span> <span class='ocrx_word' id='word_1_63' title='bbox 1382 1179 1547 1223; x_wconf 88' lang='lat' dir='ltr'><strong>conuene-</strong></span> 
     </span>
     <span class='ocr_line' id='line_1_9' title="bbox 414 1261 1549 1348; baseline 0 -20"><span class='ocrx_word' id='word_1_64' title='bbox 414 1265 458 1330; x_wconf 87' lang='lat' dir='ltr'><strong>rit</strong></span> <span class='ocrx_word' id='word_1_65' title='bbox 473 1262 656 1344; x_wconf 84' lang='lat' dir='ltr'><strong>adDiriua,</strong></span> <span class='ocrx_word' id='word_1_66' title='bbox 672 1269 705 1326; x_wconf 85' lang='lat' dir='ltr'><strong>vt</strong></span> <span class='ocrx_word' id='word_1_67' title='bbox 721 1263 768 1328; x_wconf 87' lang='lat' dir='ltr'><strong>sio</strong></span> <span class='ocrx_word' id='word_1_68' title='bbox 784 1261 873 1327; x_wconf 86' lang='lat' dir='ltr'><strong>lacta</strong></span> <span class='ocrx_word' id='word_1_69' title='bbox 889 1263 1001 1330; x_wconf 80' lang='lat' dir='ltr'><strong>citatio</strong></span> <span class='ocrx_word' id='word_1_70' title='bbox 1018 1263 1062 1328; x_wconf 86' lang='lat' dir='ltr'><strong>ad</strong></span> <span class='ocrx_word' id='word_1_71' title='bbox 1081 1283 1135 1328; x_wconf 88' lang='lat' dir='ltr'><strong>eos</strong></span> <span class='ocrx_word' id='word_1_72' title='bbox 1145 1265 1316 1348; x_wconf 88' lang='lat' dir='ltr'><strong>pemenire</strong></span> <span class='ocrx_word' id='word_1_73' title='bbox 1326 1264 1549 1330; x_wconf 84' lang='lat' dir='ltr'><strong>verisimiliter</strong></span> 
     </span>
     <span class='ocr_line' id='line_1_10' title="bbox 412 1367 1549 1456; baseline -0.003 -19"><span class='ocrx_word' id='word_1_74' title='bbox 412 1379 627 1456; x_wconf 78' lang='lat' dir='ltr'>presumatur,</span> <span class='ocrx_word' id='word_1_75' title='bbox 643 1371 747 1435; x_wconf 86' lang='lat' dir='ltr'><strong>citare</strong></span> <span class='ocrx_word' id='word_1_76' title='bbox 763 1369 814 1434; x_wconf 89' lang='lat' dir='ltr'><strong>vel</strong></span> <span class='ocrx_word' id='word_1_77' title='bbox 829 1370 923 1434; x_wconf 86' lang='lat' dir='ltr'><strong>citari</strong></span> <span class='ocrx_word' id='word_1_78' title='bbox 938 1371 1054 1450; x_wconf 85' lang='lat' dir='ltr'><strong>facere,</strong></span> <span class='ocrx_word' id='word_1_79' title='bbox 1080 1371 1212 1454; x_wconf 90' lang='lat' dir='ltr'><strong>publice</strong></span> <span class='ocrx_word' id='word_1_80' title='bbox 1227 1375 1261 1436; x_wconf 90' lang='lat' dir='ltr'><strong>in</strong></span> <span class='ocrx_word' id='word_1_81' title='bbox 1277 1371 1434 1456; x_wconf 84' lang='lat' dir='ltr'><strong>Ecclesijs</strong></span> <span class='ocrx_word' id='word_1_82' title='bbox 1450 1367 1549 1434; x_wconf 81' lang='lat' dir='ltr'><strong>Ciui-</strong></span> 
     </span>
     <span class='ocr_line' id='line_1_11' title="bbox 412 1476 1548 1563; baseline -0.002 -19"><span class='ocrx_word' id='word_1_83' title='bbox 412 1487 517 1544; x_wconf 90' lang='lat' dir='ltr'><strong>tatum</strong></span> <span class='ocrx_word' id='word_1_84' title='bbox 532 1479 584 1545; x_wconf 84' lang='lat' dir='ltr'><strong>rel</strong></span> <span class='ocrx_word' id='word_1_85' title='bbox 599 1478 746 1544; x_wconf 87' lang='lat' dir='ltr'><strong>locorum</strong></span> <span class='ocrx_word' id='word_1_86' title='bbox 761 1476 937 1561; x_wconf 78' lang='lat' dir='ltr'><strong>insignium</strong></span> <span class='ocrx_word' id='word_1_87' title='bbox 954 1480 1057 1562; x_wconf 84' lang='lat' dir='ltr'><strong>magis</strong></span> <span class='ocrx_word' id='word_1_88' title='bbox 1074 1479 1260 1563; x_wconf 89' lang='lat' dir='ltr'><strong>vicinorum,</strong></span> <span class='ocrx_word' id='word_1_89' title='bbox 1285 1478 1452 1562; x_wconf 83' lang='lat' dir='ltr'><strong>inquibus</strong></span> <span class='ocrx_word' id='word_1_90' title='bbox 1471 1499 1548 1561; x_wconf 90' lang='lat' dir='ltr'><strong>pos-</strong></span> 
     </span>
     <span class='ocr_line' id='line_1_12' title="bbox 412 1584 1550 1668; baseline -0.003 -16"><span class='ocrx_word' id='word_1_91' title='bbox 412 1588 484 1652; x_wconf 82' lang='lat' dir='ltr'><strong>sitis</strong></span> <span class='ocrx_word' id='word_1_92' title='bbox 499 1593 570 1652; x_wconf 89' lang='lat' dir='ltr'><strong>tute</strong></span> <span class='ocrx_word' id='word_1_93' title='bbox 586 1585 716 1667; x_wconf 89' lang='lat' dir='ltr'><strong>morari,</strong></span> <span class='ocrx_word' id='word_1_94' title='bbox 741 1589 775 1650; x_wconf 89' lang='lat' dir='ltr'><strong>et</strong></span> <span class='ocrx_word' id='word_1_95' title='bbox 801 1584 917 1650; x_wconf 88' lang='lat' dir='ltr'><strong>deinde</strong></span> <span class='ocrx_word' id='word_1_96' title='bbox 933 1585 1110 1668; x_wconf 86' lang='lat' dir='ltr'><strong>procedere</strong></span> <span class='ocrx_word' id='word_1_97' title='bbox 1126 1594 1239 1652; x_wconf 88' lang='lat' dir='ltr'><strong>contra</strong></span> <span class='ocrx_word' id='word_1_98' title='bbox 1253 1586 1339 1665; x_wconf 87' lang='lat' dir='ltr'><strong>illos,</strong></span> <span class='ocrx_word' id='word_1_99' title='bbox 1365 1588 1434 1651; x_wconf 88' lang='lat' dir='ltr'><strong>siue</strong></span> <span class='ocrx_word' id='word_1_100' title='bbox 1448 1587 1550 1650; x_wconf 88' lang='lat' dir='ltr'><strong>citati</strong></span> 
     </span>
     <span class='ocr_line' id='line_1_13' title="bbox 411 1693 1547 1779; baseline -0.001 -20"><span class='ocrx_word' id='word_1_101' title='bbox 411 1694 521 1761; x_wconf 87' lang='lat' dir='ltr'><strong>taliter</strong></span> <span class='ocrx_word' id='word_1_102' title='bbox 545 1699 669 1760; x_wconf 85' lang='lat' dir='ltr'><strong>statuto</strong></span> <span class='ocrx_word' id='word_1_103' title='bbox 694 1693 774 1776; x_wconf 88' lang='lat' dir='ltr'><strong>ipsis</strong></span> <span class='ocrx_word' id='word_1_104' title='bbox 799 1694 1019 1777; x_wconf 89' lang='lat' dir='ltr'><strong>peremptorio</strong></span> <span class='ocrx_word' id='word_1_105' title='bbox 1043 1697 1183 1762; x_wconf 89' lang='lat' dir='ltr'><strong>termino</strong></span> <span class='ocrx_word' id='word_1_106' title='bbox 1199 1696 1405 1779; x_wconf 86' lang='lat' dir='ltr'><strong>competenti,</strong></span> <span class='ocrx_word' id='word_1_107' title='bbox 1430 1715 1547 1759; x_wconf 87' lang='lat' dir='ltr'><strong>coram</strong></span> 
     </span>
     <span class='ocr_line' id='line_1_14' title="bbox 412 1800 1545 1886; baseline 0.002 -20"><span class='ocrx_word' id='word_1_108' title='bbox 412 1802 502 1868; x_wconf 83' lang='lat' dir='ltr'><strong>vobis</strong></span> <span class='ocrx_word' id='word_1_109' title='bbox 518 1809 737 1885; x_wconf 72' lang='lat' dir='ltr'><strong>compareant,</strong></span> <span class='ocrx_word' id='word_1_110' title='bbox 755 1800 823 1866; x_wconf 91' lang='lat' dir='ltr'><strong>siue</strong></span> <span class='ocrx_word' id='word_1_111' title='bbox 839 1821 1027 1885; x_wconf 86' lang='lat' dir='ltr'><strong>comparere</strong></span> <span class='ocrx_word' id='word_1_112' title='bbox 1038 1808 1275 1886; x_wconf 81' lang='lat' dir='ltr'><strong>contempnent,</strong></span> <span class='ocrx_word' id='word_1_113' title='bbox 1288 1803 1386 1886; x_wconf 85' lang='lat' dir='ltr'><strong>juxta</strong></span> <span class='ocrx_word' id='word_1_114' title='bbox 1400 1802 1545 1868; x_wconf 81' lang='lat' dir='ltr'><strong>sormam</strong></span> 
     </span>
     <span class='ocr_line' id='line_1_15' title="bbox 412 1907 1549 1994; baseline -0.001 -19"><span class='ocrx_word' id='word_1_115' title='bbox 412 1909 621 1994; x_wconf 89' lang='lat' dir='ltr'><strong>presentium,</strong></span> <span class='ocrx_word' id='word_1_116' title='bbox 646 1930 685 1974; x_wconf 87' lang='lat' dir='ltr'><strong>ac</strong></span> <span class='ocrx_word' id='word_1_117' title='bbox 701 1909 727 1976; x_wconf 88' lang='lat' dir='ltr'><strong>si</strong></span> <span class='ocrx_word' id='word_1_118' title='bbox 744 1909 839 1974; x_wconf 85' lang='lat' dir='ltr'><strong>citati</strong></span> <span class='ocrx_word' id='word_1_119' title='bbox 855 1908 938 1974; x_wconf 85' lang='lat' dir='ltr'><strong>alias</strong></span> <span class='ocrx_word' id='word_1_120' title='bbox 953 1907 1114 1991; x_wconf 79' lang='lat' dir='ltr'><strong>legittime</strong></span> <span class='ocrx_word' id='word_1_121' title='bbox 1130 1911 1325 1977; x_wconf 78' lang='lat' dir='ltr'><strong>extitissent</strong></span> <span class='ocrx_word' id='word_1_122' title='bbox 1348 1909 1454 1994; x_wconf 80' lang='lat' dir='ltr'><strong>Quem</strong></span> <span class='ocrx_word' id='word_1_123' title='bbox 1472 1911 1549 1991; x_wconf 91' lang='lat' dir='ltr'><strong>qui-</strong></span> 
     </span>
     <span class='ocr_line' id='line_1_16' title="bbox 412 2015 1547 2099; baseline -0.004 -14"><span class='ocrx_word' id='word_1_124' title='bbox 412 2019 486 2086; x_wconf 89' lang='lat' dir='ltr'><strong>dem</strong></span> <span class='ocrx_word' id='word_1_125' title='bbox 511 2016 676 2083; x_wconf 86' lang='lat' dir='ltr'><strong>citationis</strong></span> <span class='ocrx_word' id='word_1_126' title='bbox 701 2018 833 2082; x_wconf 89' lang='lat' dir='ltr'><strong>modum</strong></span> <span class='ocrx_word' id='word_1_127' title='bbox 858 2015 946 2082; x_wconf 86' lang='lat' dir='ltr'><strong>vobis</strong></span> <span class='ocrx_word' id='word_1_128' title='bbox 973 2017 1015 2081; x_wconf 88' lang='lat' dir='ltr'><strong>sit</strong></span> <span class='ocrx_word' id='word_1_129' title='bbox 1040 2017 1164 2082; x_wconf 85' lang='lat' dir='ltr'><strong>licitum</strong></span> <span class='ocrx_word' id='word_1_130' title='bbox 1180 2017 1365 2099; x_wconf 87' lang='lat' dir='ltr'><strong>obseruare,</strong></span> <span class='ocrx_word' id='word_1_131' title='bbox 1392 2019 1494 2082; x_wconf 87' lang='lat' dir='ltr'><strong>etiam</strong></span> <span class='ocrx_word' id='word_1_132' title='bbox 1512 2019 1547 2082; x_wconf 94' lang='lat' dir='ltr'><strong>in</strong></span> 
     </span>
     <span class='ocr_line' id='line_1_17' title="bbox 413 2123 1548 2211; baseline -0.004 -17"><span class='ocrx_word' id='word_1_133' title='bbox 413 2128 487 2211; x_wconf 85' lang='lat' dir='ltr'><strong>alijs</strong></span> <span class='ocrx_word' id='word_1_134' title='bbox 512 2123 723 2192; x_wconf 87' lang='lat' dir='ltr'><strong>citationibus</strong></span> <span class='ocrx_word' id='word_1_135' title='bbox 747 2123 905 2190; x_wconf 85' lang='lat' dir='ltr'><strong>faciendis</strong></span> <span class='ocrx_word' id='word_1_136' title='bbox 931 2123 971 2190; x_wconf 88' lang='lat' dir='ltr'><strong>de</strong></span> <span class='ocrx_word' id='word_1_137' title='bbox 997 2125 1062 2190; x_wconf 90' lang='lat' dir='ltr'><strong>illis</strong></span> <span class='ocrx_word' id='word_1_138' title='bbox 1087 2146 1145 2191; x_wconf 89' lang='lat' dir='ltr'><strong>seu</strong></span> <span class='ocrx_word' id='word_1_139' title='bbox 1161 2132 1275 2192; x_wconf 86' lang='lat' dir='ltr'><strong>contra</strong></span> <span class='ocrx_word' id='word_1_140' title='bbox 1291 2146 1354 2206; x_wconf 88' lang='lat' dir='ltr'><strong>eos,</strong></span> <span class='ocrx_word' id='word_1_141' title='bbox 1380 2131 1415 2190; x_wconf 83' lang='lat' dir='ltr'><strong>vt</strong></span> <span class='ocrx_word' id='word_1_142' title='bbox 1431 2147 1548 2190; x_wconf 81' lang='lat' dir='ltr'><strong>cora-m</strong></span> 
     </span>
     <span class='ocr_line' id='line_1_18' title="bbox 413 2231 1547 2319; baseline -0.005 -17"><span class='ocrx_word' id='word_1_143' title='bbox 413 2235 503 2302; x_wconf 85' lang='lat' dir='ltr'><strong>robis</strong></span> <span class='ocrx_word' id='word_1_144' title='bbox 512 2234 661 2314; x_wconf 88' lang='lat' dir='ltr'><strong>debeant,</strong></span> <span class='ocrx_word' id='word_1_145' title='bbox 676 2239 711 2298; x_wconf 84' lang='lat' dir='ltr'><strong>vt</strong></span> <span class='ocrx_word' id='word_1_146' title='bbox 727 2231 938 2316; x_wconf 84' lang='lat' dir='ltr'><strong>premittitur,</strong></span> <span class='ocrx_word' id='word_1_147' title='bbox 954 2252 1160 2316; x_wconf 67' lang='lat' dir='ltr'><strong>comparere,</strong></span> <span class='ocrx_word' id='word_1_148' title='bbox 1176 2253 1257 2318; x_wconf 84' lang='lat' dir='ltr'><strong>quas</strong></span> <span class='ocrx_word' id='word_1_149' title='bbox 1268 2233 1400 2319; x_wconf 92' lang='lat' dir='ltr'><strong>quidem</strong></span> <span class='ocrx_word' id='word_1_150' title='bbox 1411 2234 1547 2298; x_wconf 85' lang='lat' dir='ltr'><strong>citatio-</strong></span> 
     </span>
     <span class='ocr_line' id='line_1_19' title="bbox 412 2340 1548 2420; baseline -0.004 -11"><span class='ocrx_word' id='word_1_151' title='bbox 412 2365 469 2409; x_wconf 85' lang='lat' dir='ltr'><strong>nes</strong></span> <span class='ocrx_word' id='word_1_152' title='bbox 493 2346 541 2409; x_wconf 82' lang='lat' dir='ltr'><strong>ita</strong></span> <span class='ocrx_word' id='word_1_153' title='bbox 566 2343 713 2409; x_wconf 84' lang='lat' dir='ltr'><strong>volumus</strong></span> <span class='ocrx_word' id='word_1_154' title='bbox 738 2349 772 2405; x_wconf 88' lang='lat' dir='ltr'><strong>et</strong></span> <span class='ocrx_word' id='word_1_155' title='bbox 796 2340 1000 2406; x_wconf 89' lang='lat' dir='ltr'><strong>deceruimus</strong></span> <span class='ocrx_word' id='word_1_156' title='bbox 1026 2341 1156 2408; x_wconf 87' lang='lat' dir='ltr'><strong>eosdem</strong></span> <span class='ocrx_word' id='word_1_157' title='bbox 1176 2349 1288 2408; x_wconf 87' lang='lat' dir='ltr'><strong>artare</strong></span> <span class='ocrx_word' id='word_1_158' title='bbox 1313 2341 1441 2420; x_wconf 88' lang='lat' dir='ltr'><strong>citatos,</strong></span> <span class='ocrx_word' id='word_1_159' title='bbox 1457 2363 1501 2408; x_wconf 81' lang='lat' dir='ltr'><strong>ac</strong></span> <span class='ocrx_word' id='word_1_160' title='bbox 1519 2343 1548 2406; x_wconf 86' lang='lat' dir='ltr'><strong>si</strong></span> 
     </span>
     <span class='ocr_line' id='line_1_20' title="bbox 414 2447 1547 2534; baseline 0 -21"><span class='ocrx_word' id='word_1_161' title='bbox 414 2473 469 2516; x_wconf 91' lang='lat' dir='ltr'><strong>eos</strong></span> <span class='ocrx_word' id='word_1_162' title='bbox 486 2451 704 2534; x_wconf 86' lang='lat' dir='ltr'><strong>personaliter</strong></span> <span class='ocrx_word' id='word_1_163' title='bbox 719 2447 1050 2533; x_wconf 87' lang='lat' dir='ltr'><strong>comprehendissent,</strong></span> <span class='ocrx_word' id='word_1_164' title='bbox 1067 2456 1100 2514; x_wconf 90' lang='lat' dir='ltr'><strong>et</strong></span> <span class='ocrx_word' id='word_1_165' title='bbox 1109 2449 1144 2515; x_wconf 90' lang='lat' dir='ltr'><strong>in</strong></span> <span class='ocrx_word' id='word_1_166' title='bbox 1154 2471 1268 2516; x_wconf 90' lang='lat' dir='ltr'><strong>eorum</strong></span> <span class='ocrx_word' id='word_1_167' title='bbox 1278 2447 1442 2533; x_wconf 88' lang='lat' dir='ltr'><strong>presentia</strong></span> <span class='ocrx_word' id='word_1_168' title='bbox 1451 2447 1547 2514; x_wconf 86' lang='lat' dir='ltr'><strong>facte</strong></span> 
     </span>
     <span class='ocr_line' id='line_1_21' title="bbox 414 2557 1547 2642; baseline -0.002 -19"><span class='ocrx_word' id='word_1_169' title='bbox 414 2565 531 2639; x_wconf 87' lang='lat' dir='ltr'><strong>essent,</strong></span> <span class='ocrx_word' id='word_1_170' title='bbox 548 2578 742 2642; x_wconf 87' lang='lat' dir='ltr'><strong>quacunque</strong></span> <span class='ocrx_word' id='word_1_171' title='bbox 758 2557 990 2624; x_wconf 86' lang='lat' dir='ltr'><strong>constitutione</strong></span> <span class='ocrx_word' id='word_1_172' title='bbox 1006 2558 1174 2624; x_wconf 86' lang='lat' dir='ltr'><strong>contraria</strong></span> <span class='ocrx_word' id='word_1_173' title='bbox 1189 2579 1253 2622; x_wconf 94' lang='lat' dir='ltr'><strong>non</strong></span> <span class='ocrx_word' id='word_1_174' title='bbox 1269 2559 1438 2637; x_wconf 89' lang='lat' dir='ltr'><strong>obstante;</strong></span> <span class='ocrx_word' id='word_1_175' title='bbox 1453 2557 1547 2622; x_wconf 86' lang='lat' dir='ltr'><strong>diem</strong></span> 
     </span>
     <span class='ocr_line' id='line_1_22' title="bbox 413 2664 1547 2750; baseline 0.001 -20"><span class='ocrx_word' id='word_1_176' title='bbox 413 2687 488 2732; x_wconf 85' lang='lat' dir='ltr'><strong>rero</strong></span> <span class='ocrx_word' id='word_1_177' title='bbox 513 2665 687 2746; x_wconf 83' lang='lat' dir='ltr'><strong>citationis,</strong></span> <span class='ocrx_word' id='word_1_178' title='bbox 711 2687 770 2750; x_wconf 90' lang='lat' dir='ltr'><strong>per</strong></span> <span class='ocrx_word' id='word_1_179' title='bbox 796 2686 893 2747; x_wconf 85' lang='lat' dir='ltr'><strong>quam</strong></span> <span class='ocrx_word' id='word_1_180' title='bbox 918 2664 1059 2748; x_wconf 83' lang='lat' dir='ltr'><strong>predicti</strong></span> <span class='ocrx_word' id='word_1_181' title='bbox 1076 2665 1237 2749; x_wconf 85' lang='lat' dir='ltr'><strong>Magister</strong></span> <span class='ocrx_word' id='word_1_182' title='bbox 1261 2673 1293 2730; x_wconf 89' lang='lat' dir='ltr'><strong>et</strong></span> <span class='ocrx_word' id='word_1_183' title='bbox 1309 2665 1430 2731; x_wconf 84' lang='lat' dir='ltr'><strong>fratres</strong></span> <span class='ocrx_word' id='word_1_184' title='bbox 1446 2665 1547 2730; x_wconf 84' lang='lat' dir='ltr'><strong>citati</strong></span> 
     </span>
     <span class='ocr_line' id='line_1_23' title="bbox 413 2773 1546 2859; baseline 0 -21"><span class='ocrx_word' id='word_1_185' title='bbox 413 2774 543 2858; x_wconf 86' lang='lat' dir='ltr'><strong>suerint,</strong></span> <span class='ocrx_word' id='word_1_186' title='bbox 561 2783 593 2840; x_wconf 85' lang='lat' dir='ltr'><strong>rt</strong></span> <span class='ocrx_word' id='word_1_187' title='bbox 610 2796 720 2841; x_wconf 83' lang='lat' dir='ltr'><strong>coram</strong></span> <span class='ocrx_word' id='word_1_188' title='bbox 736 2774 840 2855; x_wconf 86' lang='lat' dir='ltr'><strong>nobis,</strong></span> <span class='ocrx_word' id='word_1_189' title='bbox 855 2781 890 2840; x_wconf 89' lang='lat' dir='ltr'><strong>vt</strong></span> <span class='ocrx_word' id='word_1_190' title='bbox 905 2776 1115 2859; x_wconf 87' lang='lat' dir='ltr'><strong>premittitur,</strong></span> <span class='ocrx_word' id='word_1_191' title='bbox 1131 2773 1273 2840; x_wconf 89' lang='lat' dir='ltr'><strong>debeant</strong></span> <span class='ocrx_word' id='word_1_192' title='bbox 1288 2794 1486 2858; x_wconf 86' lang='lat' dir='ltr'><strong>comparere,</strong></span> <span class='ocrx_word' id='word_1_193' title='bbox 1505 2796 1546 2838; x_wconf 89' lang='lat' dir='ltr'><strong>ao</strong></span> 
     </span>
     <span class='ocr_line' id='line_1_24' title="bbox 412 2881 1547 2967; baseline -0.001 -20"><span class='ocrx_word' id='word_1_194' title='bbox 412 2882 562 2964; x_wconf 82' lang='lat' dir='ltr'><strong>formam,</strong></span> <span class='ocrx_word' id='word_1_195' title='bbox 578 2891 611 2949; x_wconf 93' lang='lat' dir='ltr'><strong>et</strong></span> <span class='ocrx_word' id='word_1_196' title='bbox 627 2881 785 2966; x_wconf 89' lang='lat' dir='ltr'><strong>quioquid</strong></span> <span class='ocrx_word' id='word_1_197' title='bbox 800 2904 900 2966; x_wconf 87' lang='lat' dir='ltr'><strong>super</strong></span> <span class='ocrx_word' id='word_1_198' title='bbox 914 2884 1082 2967; x_wconf 87' lang='lat' dir='ltr'><strong>promissis</strong></span> <span class='ocrx_word' id='word_1_199' title='bbox 1099 2881 1258 2947; x_wconf 84' lang='lat' dir='ltr'><strong>duxeritis</strong></span> <span class='ocrx_word' id='word_1_200' title='bbox 1274 2881 1469 2962; x_wconf 86' lang='lat' dir='ltr'><strong>faciendum,</strong></span> <span class='ocrx_word' id='word_1_201' title='bbox 1487 2905 1547 2946; x_wconf 90' lang='lat' dir='ltr'><strong>no-</strong></span> 
     </span>
     <span class='ocr_line' id='line_1_25' title="bbox 413 2987 1545 3076; baseline -0.003 -19"><span class='ocrx_word' id='word_1_202' title='bbox 413 2993 464 3058; x_wconf 91' lang='lat' dir='ltr'><strong>bis</strong></span> <span class='ocrx_word' id='word_1_203' title='bbox 479 3013 537 3076; x_wconf 89' lang='lat' dir='ltr'><strong>per</strong></span> <span class='ocrx_word' id='word_1_204' title='bbox 554 2999 680 3058; x_wconf 83' lang='lat' dir='ltr'><strong>vestras</strong></span> <span class='ocrx_word' id='word_1_205' title='bbox 696 2991 826 3056; x_wconf 86' lang='lat' dir='ltr'><strong>litteras</strong></span> <span class='ocrx_word' id='word_1_206' title='bbox 841 2991 891 3055; x_wconf 84' lang='lat' dir='ltr'><strong>vel</strong></span> <span class='ocrx_word' id='word_1_207' title='bbox 908 2991 1163 3056; x_wconf 85' lang='lat' dir='ltr'><strong>instrumentum</strong></span> <span class='ocrx_word' id='word_1_208' title='bbox 1178 2988 1343 3072; x_wconf 89' lang='lat' dir='ltr'><strong>publicum</strong></span> <span class='ocrx_word' id='word_1_209' title='bbox 1360 2987 1478 3054; x_wconf 90' lang='lat' dir='ltr'><strong>harum</strong></span> <span class='ocrx_word' id='word_1_210' title='bbox 1496 3011 1545 3054; x_wconf 74' lang='lat' dir='ltr'><strong>se</strong></span> 
     </span>
     <span class='ocr_line' id='line_1_26' title="bbox 414 3096 1544 3182; baseline -0.004 -16"><span class='ocrx_word' id='word_1_211' title='bbox 414 3101 495 3166; x_wconf 89' lang='lat' dir='ltr'><strong>riem</strong></span> <span class='ocrx_word' id='word_1_212' title='bbox 511 3099 721 3182; x_wconf 84' lang='lat' dir='ltr'><strong>continentia,</strong></span> <span class='ocrx_word' id='word_1_213' title='bbox 745 3099 888 3166; x_wconf 90' lang='lat' dir='ltr'><strong>fideliter</strong></span> <span class='ocrx_word' id='word_1_214' title='bbox 904 3099 1047 3164; x_wconf 88' lang='lat' dir='ltr'><strong>intimari</strong></span> <span class='ocrx_word' id='word_1_215' title='bbox 1064 3097 1192 3164; x_wconf 87' lang='lat' dir='ltr'><strong>curetis.</strong></span> <span class='ocrx_word' id='word_1_216' title='bbox 1222 3096 1346 3162; x_wconf 89' lang='lat' dir='ltr'><strong>Datum</strong></span> <span class='ocrx_word' id='word_1_217' title='bbox 1362 3096 1544 3176; x_wconf 86' lang='lat' dir='ltr'><strong>Auinione,</strong></span> 
     </span>
     <span class='ocr_line' id='line_1_27' title="bbox 413 3206 1294 3289; baseline -0.002 -17"><span class='ocrx_word' id='word_1_218' title='bbox 413 3209 474 3278; x_wconf 87' lang='lat' dir='ltr'><strong>IV.</strong></span> <span class='ocrx_word' id='word_1_219' title='bbox 491 3210 586 3273; x_wconf 92' lang='lat' dir='ltr'><strong>nonis</strong></span> <span class='ocrx_word' id='word_1_220' title='bbox 602 3207 694 3289; x_wconf 85' lang='lat' dir='ltr'><strong>Maij,</strong></span> <span class='ocrx_word' id='word_1_221' title='bbox 712 3206 926 3273; x_wconf 88' lang='lat' dir='ltr'><strong>Pontificatus</strong></span> <span class='ocrx_word' id='word_1_222' title='bbox 941 3209 1047 3272; x_wconf 90' lang='lat' dir='ltr'><strong>nostri</strong></span> <span class='ocrx_word' id='word_1_223' title='bbox 1062 3227 1148 3271; x_wconf 91' lang='lat' dir='ltr'><strong>anno</strong></span> <span class='ocrx_word' id='word_1_224' title='bbox 1165 3211 1294 3288; x_wconf 89' lang='lat' dir='ltr'><strong>quarto.</strong></span> 
     </span>
    </p>
   </div>
   <div class='ocr_carea' id='block_1_3' title="bbox 522 3368 1144 3435">
    <p class='ocr_par' dir='ltr' id='par_1_3' title="bbox 522 3368 1144 3435">
     <span class='ocr_line' id='line_1_28' title="bbox 522 3368 1144 3435; baseline 0.003 -15"><span class='ocrx_word' id='word_1_225' title='bbox 522 3371 597 3432; x_wconf 83' lang='lat' dir='ltr'>(XII.</span> <span class='ocrx_word' id='word_1_226' title='bbox 611 3369 741 3420; x_wconf 83' lang='lat' dir='ltr'><strong>Benedek</strong></span> <span class='ocrx_word' id='word_1_227' title='bbox 754 3371 829 3435; x_wconf 78' lang='lat' dir='ltr'><strong>prtpa</strong></span> <span class='ocrx_word' id='word_1_228' title='bbox 840 3368 1144 3435; x_wconf 74' lang='lat' dir='ltr'><strong>rogormkonyveibol.)</strong></span> 
     </span>
    </p>
   </div>
   <div class='ocr_carea' id='block_1_4' title="bbox 897 3511 1057 3524">
    <p class='ocr_par' dir='ltr' id='par_1_4' title="bbox 897 3511 1057 3524">
     <span class='ocr_line' id='line_1_29' title="bbox 897 3511 1057 3524; baseline -0.013 0"><span class='ocrx_word' id='word_1_229' title='bbox 897 3511 1057 3524; x_wconf 61' lang='lat' dir='ltr'><strong>un—--n-nn</strong></span> 
     </span>
    </p>
   </div>
   <div class='ocr_carea' id='block_1_5' title="bbox 938 3645 1013 3708">
    <p class='ocr_par' dir='ltr' id='par_1_5' title="bbox 938 3645 1013 3708">
     <span class='ocr_line' id='line_1_30' title="bbox 938 3645 1013 3708; baseline 0 -2"><span class='ocrx_word' id='word_1_230' title='bbox 938 3645 1013 3708; x_wconf 81' lang='lat'><strong>359.</strong></span> 
     </span>
    </p>
   </div>
   <div class='ocr_carea' id='block_1_6' title="bbox 450 3781 1507 3964">
    <p class='ocr_par' dir='ltr' id='par_1_6' title="bbox 450 3781 1507 3964">
     <span class='ocr_line' id='line_1_31' title="bbox 450 3781 1507 3877; baseline -0.011 -14"><span class='ocrx_word' id='word_1_231' title='bbox 450 3795 479 3863; x_wconf 84' lang='lat' dir='ltr'><em>A</em></span> <span class='ocrx_word' id='word_1_232' title='bbox 496 3791 650 3862; x_wconf 80' lang='lat' dir='ltr'><strong>oelenczei</strong></span> <span class='ocrx_word' id='word_1_233' title='bbox 664 3789 826 3877; x_wconf 76' lang='lat' dir='ltr'><strong>lrornroiop</strong></span> <span class='ocrx_word' id='word_1_234' title='bbox 839 3786 923 3877; x_wconf 73' lang='lat' dir='ltr'><strong>yrdf</strong></span> <span class='ocrx_word' id='word_1_235' title='bbox 934 3783 1137 3876; x_wconf 75' lang='lat' dir='ltr'><strong>Frortpepdn</strong></span> <span class='ocrx_word' id='word_1_236' title='bbox 1156 3789 1298 3874; x_wconf 79' lang='lat' dir='ltr'><strong>Drymot</strong></span> <span class='ocrx_word' id='word_1_237' title='bbox 1318 3781 1507 3853; x_wconf 76' lang='lat' dir='ltr'><strong>Velencze&#39;br.</strong></span> 
     </span>
     <span class='ocr_line' id='line_1_32' title="bbox 875 3899 1079 3964; baseline -0.005 -3"><span class='ocrx_word' id='word_1_238' title='bbox 875 3899 966 3964; x_wconf 74' lang='lat' dir='ltr'><strong>iddzt‘.</strong></span> <span class='ocrx_word' id='word_1_239' title='bbox 984 3901 1079 3964; x_wconf 80' lang='lat'><strong><em>1339.</em></strong></span> 
     </span>
    </p>
   </div>
   <div class='ocr_carea' id='block_1_7' title="bbox 413 4051 1547 4380">
    <p class='ocr_par' dir='ltr' id='par_1_7' title="bbox 413 4051 1547 4380">
     <span class='ocr_line' id='line_1_33' title="bbox 519 4051 1545 4138; baseline -0.018 0"><span class='ocrx_word' id='word_1_240' title='bbox 519 4069 617 4138; x_wconf 82' lang='lat' dir='ltr'><strong>Anno</strong></span> <span class='ocrx_word' id='word_1_241' title='bbox 667 4063 802 4131; x_wconf 88' lang='lat' dir='ltr'><strong>Domini</strong></span> <span class='ocrx_word' id='word_1_242' title='bbox 854 4052 1159 4126; x_wconf 76' lang='lat' dir='ltr'>MOOOXXXIX.</span> <span class='ocrx_word' id='word_1_243' title='bbox 1199 4053 1251 4122; x_wconf 92' lang='lat' dir='ltr'><strong>die</strong></span> <span class='ocrx_word' id='word_1_244' title='bbox 1291 4051 1393 4124; x_wconf 89' lang='lat' dir='ltr'>VIII.</span> <span class='ocrx_word' id='word_1_245' title='bbox 1435 4057 1545 4122; x_wconf 87' lang='lat' dir='ltr'><strong>Junii.</strong></span> 
     </span>
     <span class='ocr_line' id='line_1_34' title="bbox 413 4163 1547 4269; baseline -0.016 -20"><span class='ocrx_word' id='word_1_246' title='bbox 413 4187 575 4269; x_wconf 74' lang='lat' dir='ltr'><strong>Capta:</strong></span> <span class='ocrx_word' id='word_1_247' title='bbox 594 4175 691 4262; x_wconf 78' lang='lat' dir='ltr'><strong>Quod</strong></span> <span class='ocrx_word' id='word_1_248' title='bbox 707 4171 875 4238; x_wconf 88' lang='lat' dir='ltr'><strong>scribatur·</strong></span> <span class='ocrx_word' id='word_1_249' title='bbox 901 4190 953 4233; x_wconf 87' lang='lat' dir='ltr'><strong>ser</strong></span> <span class='ocrx_word' id='word_1_250' title='bbox 980 4165 1137 4233; x_wconf 89' lang='lat' dir='ltr'><strong>Michaeli</strong></span> <span class='ocrx_word' id='word_1_251' title='bbox 1153 4163 1297 4247; x_wconf 85' lang='lat' dir='ltr'><strong>Georgio</strong></span> <span class='ocrx_word' id='word_1_252' title='bbox 1314 4165 1547 4244; x_wconf 84' lang='lat' dir='ltr'><strong>ambuxiatori,</strong></span> 
     </span>
     <span class='ocr_line' id='line_1_35' title="bbox 413 4271 1546 4380; baseline -0.022 -18"><span class='ocrx_word' id='word_1_253' title='bbox 413 4295 501 4380; x_wconf 91' lang='lat' dir='ltr'><strong>quod</strong></span> <span class='ocrx_word' id='word_1_254' title='bbox 526 4291 627 4357; x_wconf 81' lang='lat' dir='ltr'><strong>iaciat</strong></span> <span class='ocrx_word' id='word_1_255' title='bbox 651 4289 840 4370; x_wconf 87' lang='lat' dir='ltr'><strong>preceptum</strong></span> <span class='ocrx_word' id='word_1_256' title='bbox 866 4274 986 4342; x_wconf 84' lang='lat' dir='ltr'><strong>Oomiti</strong></span> <span class='ocrx_word' id='word_1_257' title='bbox 1010 4275 1140 4358; x_wconf 74' lang='lat' dir='ltr'><strong>Doymo</strong></span> <span class='ocrx_word' id='word_1_258' title='bbox 1171 4271 1320 4338; x_wconf 75' lang='lat' dir='ltr'><strong>veniendi</strong></span> <span class='ocrx_word' id='word_1_259' title='bbox 1335 4272 1379 4336; x_wconf 87' lang='lat' dir='ltr'><strong>ad</strong></span> <span class='ocrx_word' id='word_1_260' title='bbox 1395 4281 1546 4338; x_wconf 87' lang='lat' dir='ltr'><strong>nostram</strong></span> 
     </span>
    </p>
   </div>
   <div class='ocr_carea' id='block_1_8' title="bbox 412 4395 688 4488">
    <p class='ocr_par' dir='ltr' id='par_1_8' title="bbox 412 4395 688 4488">
     <span class='ocr_line' id='line_1_36' title="bbox 412 4395 688 4488; baseline -0.043 -18"><span class='ocrx_word' id='word_1_261' title='bbox 412 4401 610 4488; x_wconf 85' lang='lat' dir='ltr'><strong>presentiam</strong></span> <span class='ocrx_word' id='word_1_262' title='bbox 626 4395 688 4460; x_wconf 87' lang='lat' dir='ltr'><strong>stb.</strong></span> 
     </span>
    </p>
   </div>
   <div class='ocr_carea' id='block_1_9' title="bbox 520 4543 1527 4634">
    <p class='ocr_par' dir='ltr' id='par_1_9' title="bbox 520 4543 1527 4634">
     <span class='ocr_line' id='line_1_37' title="bbox 520 4543 1527 4634; baseline -0.026 -17"><span class='ocrx_word' id='word_1_263' title='bbox 520 4568 557 4634; x_wconf 76' lang='lat' dir='ltr'><strong>(A</strong></span> <span class='ocrx_word' id='word_1_264' title='bbox 572 4563 683 4614; x_wconf 71' lang='lat' dir='ltr'><strong>›misti‹</strong></span> <span class='ocrx_word' id='word_1_265' title='bbox 698 4557 788 4610; x_wconf 82' lang='lat' dir='ltr'><strong>ezimd</strong></span> <span class='ocrx_word' id='word_1_266' title='bbox 802 4551 940 4604; x_wconf 80' lang='lat' dir='ltr'><strong>velenczri</strong></span> <span class='ocrx_word' id='word_1_267' title='bbox 954 4547 1180 4614; x_wconf 72' lang='lat' dir='ltr'><strong>ellamkr&#39;inyvbol</strong></span> <span class='ocrx_word' id='word_1_268' title='bbox 1202 4543 1310 4600; x_wconf 81' lang='lat' dir='ltr'><strong>xvur.</strong></span> <span class='ocrx_word' id='word_1_269' title='bbox 1324 4545 1381 4593; x_wconf 80' lang='lat' dir='ltr'><strong>kot.</strong></span> <span class='ocrx_word' id='word_1_270' title='bbox 1399 4547 1443 4593; x_wconf 75' lang='lat'><strong>40.</strong></span> <span class='ocrx_word' id='word_1_271' title='bbox 1458 4544 1527 4610; x_wconf 76' lang='lat' dir='ltr'><strong>lev.)</strong></span> 
     </span>
    </p>
   </div>
   <div class='ocr_carea' id='block_1_10' title="bbox 897 4676 1057 4688">
    <p class='ocr_par' dir='ltr' id='par_1_10' title="bbox 897 4676 1057 4688">
     <span class='ocr_line' id='line_1_38' title="bbox 897 4676 1057 4688; baseline -0.025 0"><span class='ocrx_word' id='word_1_272' title='bbox 897 4676 1057 4688; x_wconf 46' lang='lat' dir='ltr'><strong>a———d</strong></span> 
     </span>
    </p>
   </div>
   <div class='ocr_carea' id='block_1_11' title="bbox 0 0 1626 5236">
    <p class='ocr_par' dir='ltr' id='par_1_11' title="bbox 0 0 1626 5236">
     <span class='ocr_line' id='line_1_39' title="bbox 0 0 1626 5236; baseline 0 0"><span class='ocrx_word' id='word_1_273' title='bbox 0 0 1626 5236; x_wconf 95' lang='lat' dir='ltr'><strong> </strong></span> 
     </span>
    </p>
   </div>
  </div>
 </body>
</html>
