3170 5234
378 380 441 442 250
729 399 961 446 nrenouacarar
979 387 1144 446 annuas.

376 555 468 641 pides
485 556 565 622 duos
582 555 686 623 dictos
702 558 848 624 amatisti
864 579 923 642 pro
940 558 1050 642 granis
1067 555 1187 623 decem.
1202 558 1388 625 Donarium
1402 580 1495 624 vnum

375 663 480 730 Beate
496 665 599 730 Blene
622 687 694 731 cum
710 687 772 730 vno
787 664 926 733 bartone
943 665 983 732 de
995 665 1129 750 jobecta
1152 673 1185 730 et
1201 686 1296 732 cruce
1310 688 1370 751 pro
1386 668 1493 751 granis

377 771 496 839 decem.
536 771 676 839 Ooralos
702 773 793 840 albos
818 774 932 858 longos
953 795 1011 839 sex
1026 774 1148 839 nullius
1163 772 1294 840 valoris.
1340 774 1499 859 Lapidem

379 878 556 964 dyaspidis,
580 881 614 946 in
640 902 703 966 quo
729 887 780 948 est
795 879 1022 948 Annunciacio
1039 878 1161 948 Sancte
1177 882 1287 948 Mario
1303 904 1363 967 pro
1380 883 1499 948 tarenis

378 1006 442 1052 sex.
484 987 629 1055 Bibliam
644 990 838 1074 ystoriatam
852 981 927 1055 'cum
936 987 1053 1058 Veteri
1072 993 1267 1056 testamento
1290 994 1323 1055 et
1334 987 1432 1056 Nouo
1441 1011 1501 1075 pro

377 1095 479 1162 vneiis
505 1101 654 1179 quatuor.
700 1093 869 1162 Scrineola
894 1098 961 1161 tria
986 1103 1121 1181 coperia
1136 1097 1223 1162 corio
1239 1095 1360 1162 bullito
1376 1118 1439 1181 pro
1453 1103 1501 1162 ta·

377 1203 465 1270 renis
490 1205 634 1288 quinque
659 1205 772 1288 granis
798 1203 919 1270 decem.
951 1202 1153 1271 Scrineolum
1179 1204 1220 1269 de
1245 1203 1351 1270 ebuno
1379 1225 1439 1289 pro
1452 1209 1502 1269 ta-

376 1308 464 1376 renis
489 1309 623 1377 duobus.
656 1307 789 1376 certam
816 1313 1036 1395 quantitatem
1062 1311 1102 1376 de
1127 1312 1238 1394 sargia
1255 1310 1422 1376 leandie'
1443 1332 1503 1394 pro

376 1419 471 1485 moia
494 1439 557 1484 vna
582 1425 614 1484 et
629 1418 753 1485 tarenis
769 1418 888 1484 decem.
935 1419 1022 1484 Item
1036 1417 1165 1501 prefato
1184 1415 1308 1484 Gontili
1323 1439 1385 1502 pro
1410 1423 1503 1501 parte

379 1525 459 1591 dicti
484 1526 605 1592 domini
621 1525 725 1593 Ducis
740 1532 863 1591 certam
878 1525 1096 1610 quantitatem
1112 1531 1181 1590 sete
1196 1524 1406 1591 diuersorum
1421 1525 1505 1590 colo-

377 1655 451 1698 rum
467 1640 498 1700 et
514 1633 636 1700 ambre.
671 1633 840 1701 (lortinam
857 1655 949 1700 ruam
966 1632 1006 1698 de
1021 1632 1088 1698 tela
1103 1632 1163 1698 lini
1187 1655 1248 1717 pro
1271 1636 1399 1698 tarenis
1424 1638 1504 1698 octo.

378 1739 594 1807 Bossidollam
621 1741 662 1806 de
688 1742 792 1808 ebano
817 1763 878 1826 pro
902 1741 1024 1806 tarenis
1049 1739 1163 1806 tribus.
1203 1740 1271 1806 Pro
1295 1747 1395 1825 parte
1420 1741 1505 1806 dicte

379 1847 507 1914 domine
523 1849 549 1916 J
549 1849 675 1916 ohanne
700 1847 740 1914 de
755 1847 882 1933 Aquila
905 1869 1042 1934 yconam
1058 1869 1155 1914 vnum
1170 1869 1244 1915 cum
1259 1846 1366 1913 tribus
1383 1848 1504 1916 tabulis

377 1979 438 2040 pro
473 1958 573 2024 vnciis
601 1957 736 2023 duabus.
783 1956 869 2023 Item
895 1955 1091 2025 Venturello
1117 1960 1151 2021 et
1175 1953 1339 2038 Magistro
1367 1956 1507 2024 Nicolao

256 2093 261 2104 ,
379 2065 587 2132 stacionariis
598 2065 769 2131 salterium
779 2086 876 2131 vnum
885 2084 946 2149 pro
956 2064 1079 2130 tarenis
1090 2064 1200 2129 decem
1211 2069 1243 2128 et
1252 2069 1346 2144 oct03
1365 2063 1506 2131 officium

381 2171 486 2239 Beate
500 2170 652 2257 Virginis
675 2193 735 2256 pro
752 2174 878 2239 tarenis
894 2178 986 2252 octo;
1018 2172 1201 2256 ymnarium
1215 2175 1368 2237 notatum
1384 2193 1445 2258 pro
1459 2181 1507 2240 ta-

378 2280 465 2345 renis
481 2302 616 2361 nouem;
639 2282 761 2348 librum
771 2301 869 2346 vnum
880 2280 920 2346 de
930 2299 1082 2346 romanae
1092 2280 1125 2344 in
1138 2278 1302 2345 Gallicum
1312 2300 1374 2363 pro
1385 2281 1508 2347 tarenis

379 2408 453 2466 sex;
477 2387 620 2456 officium
643 2387 749 2454 Beate
767 2387 914 2471 Virginis
939 2409 998 2471 pro
1024 2388 1148 2453 tarenis
1175 2386 1365 2468 duodecim3
1390 2387 1510 2455 librum

378 2514 475 2559 vnum
493 2492 695 2561 diuersarum
713 2495 901 2562 oracionum
915 2515 977 2579 pro
992 2496 1087 2560 vnoia
1102 2513 1184 2576 vna3
1217 2492 1340 2570 librum
1356 2516 1455 2561 vnum
1471 2494 1510 2560 de

376 2601 444 2666 rita
459 2602 558 2668 Beati
581 2601 746 2670 Honorati
771 2623 833 2686 pro
849 2602 974 2667 tarenis
990 2601 1105 2666 tribus.
1140 2600 1229 2667 Item
1245 2600 1406 2685 predictis
1426 2600 1510 2668 Gen-

377 2707 428 2773 tili
451 2713 485 2773 et
499 2709 663 2775 Bartholo
679 2707 807 2794 Squori,
835 2728 900 2791 que
924 2709 1057 2774 inventa
1071 2707 1207 2773 fuerunt
1221 2709 1255 2774 in
1272 2709 1419 2792 quadam
1436 2730 1509 2776 casa

377 2822 508 2898 reperta
533 2816 678 2900 sigillata
703 2818 737 2882 in
762 2817 911 2884 domibus
937 2837 1056 2902 magne
1082 2818 1202 2882 sturcie
1219 2817 1375 2904 (stancie)
1408 2819 1510 2886 'Perre

377 2920 530 3003 Summe3
564 2947 706 3010 pannum
730 2947 790 3010 pro
814 2927 914 2992 altari
941 2925 980 2991 do
1006 2945 1088 2990 auro
1113 2929 1147 2991 et
1173 2926 1277 2990 serico
1304 2926 1510 2994 diuersorum

377 3031 524 3099 colorum
548 3031 763 3098 imburditum
788 3032 988 3117 imaginibus
1003 3032 1136 3098 Domini
1162 3034 1268 3098 nostri
1284 3033 1371 3099 Jesu
1388 3034 1512 3102 (lbristi

378 3145 411 3205 et
429 3141 531 3207 Beate
546 3139 695 3224 Virginis
720 3161 780 3225 pro
796 3142 898 3206 unciis
915 3141 1046 3221 decem;
1070 3161 1126 3205 vas
1143 3161 1242 3205 vnum
1259 3140 1300 3205 de
1317 3141 1432 3227 lapide
1450 3143 1510 3209 cal·

377 3245 505 3315 cidouio
524 3248 686 3313 munitum
702 3247 742 3314 de
763 3253 901 3331 argento
918 3248 1088 3314 deaurato
1104 3247 1147 3314 ad
1163 3269 1256 3314 arma
1272 3249 1397 3314 domini
1414 3249 1514 3336 Regis
1580 3277 1582 3284 ’

380 3359 413 3419 et
445 3353 593 3438 predicte
625 3353 754 3420 domine
782 3354 911 3439 Regino
946 3355 1069 3420 lactum
1104 3376 1165 3439 pro
1205 3356 1382 3422 retinenda
1426 3379 1511 3442 aqua
1579 3395 1582 3454 j

376 3460 551 3527 benedicta
582 3484 656 3529 cum
686 3484 790 3529 exona
821 3484 880 3530 sua
905 3463 947 3528 de
971 3464 1059 3529 corio
1085 3462 1205 3529 bullito
1236 3465 1335 3547 nigro
1366 3486 1428 3548 pro
1461 3489 1511 3530 rn·
1579 3469 1581 3552 ᾗ

377 3566 438 3633 ciis
463 3569 666 3652 quindecim;
704 3591 761 3636 vas
786 3590 882 3634 vnum
909 3570 950 3634 de
975 3571 1123 3635 cristallo
1139 3571 1304 3636 munitum
1322 3571 1363 3637 de
1378 3579 1512 3657 argento
1580 3567 1581 3594 ³

376 3675 536 3741 deaurato
563 3697 636 3741 cum
660 3676 761 3760 perlis
790 3677 912 3760 grossis
930 3698 985 3743 sex
1003 3683 1036 3741 et
1051 3677 1126 3742 aliis
1141 3677 1308 3761 lapidibus
1329 3679 1513 3746 clavatisiu
1578 3685 1581 3754 ,5

376 3783 458 3867 ipso,
472 3781 596 3849 factum
613 3789 645 3848 et
661 3789 772 3867 aptum
789 3785 831 3854 ad
846 3783 1054 3868 portandum,
1071 3806 1131 3868 pro
1147 3785 1243 3850 vncia
1257 3806 1325 3851 vna
1340 3791 1375 3850 et
1391 3789 1511 3854 tarenis
1577 3755 1580 3824 ¹

378 3890 582 3973 quindecim;
608 3891 685 3957 item
711 3891 804 3956 aliud
820 3913 877 3956 vas
893 3892 934 3957 de
949 3892 1096 3958 cristallo
1114 3893 1276 3958 munitum
1293 3899 1327 3958 et
1344 3915 1421 3959 oum
1437 3895 1513 3980 pede

378 3995 418 4060 de
434 4003 575 4079 argento
591 3997 714 4062 factum
732 3999 884 4064 similiter
901 3997 1085 4065 admodum
1098 4021 1181 4084 oupe
1193 4022 1252 4084 pro
1263 4002 1391 4066 tarenis
1403 4001 1514 4088 viginti

380 4109 541 4188 quatuor;
558 4125 673 4188 cupam
690 4126 786 4171 vnam
796 4105 836 4170 de
853 4105 1035 4172 calcidonio
1056 4107 1209 4173 similiter
1227 4109 1391 4174 munitam
1413 4110 1456 4176 de
1471 4130 1514 4176 ar-

377 4216 475 4294 gento
492 4210 652 4277 deaurato
680 4233 754 4277 cum
782 4215 884 4279 certis
907 4212 1035 4279 smaltis
1054 4215 1098 4280 ad
1113 4217 1283 4300 ymagines
1300 4215 1471 4281 hominum
1489 4219 1517 4278 et

376 4338 535 4400 equorum
545 4339 605 4401 pro
615 4319 717 4383 vnclis
729 4319 892 4403 quinque;
924 4321 1093 4388 vasculum
1105 4344 1203 4388 vnum
1211 4344 1353 4406 paruum
1371 4324 1413 4389 de
1425 4323 1511 4390 calci·

383 4423 480 4488 donio
491 4426 650 4491 munitum
662 4427 701 4492 de
710 4434 846 4510 argento
857 4426 1017 4495 deaurato
1028 4451 1101 4496 cum
1111 4431 1195 4514 pede
1205 4436 1240 4496 et
1249 4429 1377 4497 duabus
1387 4431 1515 4498 manicis

387 4529 483 4595 lactis
501 4532 695 4599 admodum
713 4534 895 4618 dragonum
913 4557 974 4621 pro
990 4539 1086 4604 uncia
1101 4561 1182 4619 sna3
1206 4539 1285 4604 item
1303 4540 1395 4606 aliud
1414 4529 1502 4605 vasd
