3170 5234
423 329 486 392 202
775 337 1192 399 oresoaacznrsmsuus.

421 505 525 588 Vegle
551 497 818 589 derrobauerunt,
844 511 1016 594 obprobria
1033 511 1173 594 plurima
1189 510 1385 593 inferreudo,
1401 516 1432 577 et
1445 507 1522 578 teni·

420 617 539 680 terium
559 638 598 680 uc
613 614 808 684 Distrietum
834 625 980 685 nostrum
997 619 1037 682 de
1055 619 1164 702 Segna
1180 621 1428 705 expoliauerunt
1442 619 1523 694 variis

422 724 533 808 spoliis
560 730 593 788 et
620 725 764 809 rapinis3
783 727 932 810 requisiti
950 733 1058 792 autem
1074 726 1154 792 dicti
1170 725 1340 796 Arbenses
1357 728 1396 794 de
1411 726 1524 794 emenda

422 837 455 897 et
484 831 707 898 satisfactione
735 855 793 916 per
822 856 880 900 nos
910 833 1074 901 Comitem
1100 835 1322 918 Fredericum,
1345 859 1409 902 non
1440 836 1525 902 solun

423 940 590 1024 expoliata
600 946 634 1004 et
649 945 744 1024 rapta
757 942 926 1012 emendare
944 943 1126 1026 uoluerunt,
1142 965 1253 1009 verum
1275 945 1375 1008 etiam
1391 944 1432 1009 ad
1447 943 1526 1008 comi·

422 1047 563 1114 tatioues
589 1048 672 1113 alias
697 1069 730 1113 se
756 1056 954 1132 ensuerunt,
980 1071 1044 1114 non
1069 1056 1228 1132 tanquam
1244 1051 1369 1116 subditi
1384 1050 1476 1116 vestri
1489 1047 1529 1112 rel

422 1153 552 1238 legales,
563 1155 619 1220 scd
630 1157 689 1221 sub
699 1159 902 1240 protectione
914 1157 1012 1223 etiam
1023 1157 1189 1240 quondam
1204 1157 1327 1222 domini
1343 1157 1438 1223 Pauli
1451 1155 1532 1236 Bari,

424 1263 481 1347 qui
498 1269 575 1327 tunc
592 1268 698 1328 vester
724 1270 756 1328 et
781 1271 890 1330 noster
906 1266 1057 1332 inimicus
1073 1272 1204 1349 e1·at,se
1222 1268 1391 1333 arctando.
1408 1265 1473 1332 Nos
1486 1286 1530 1336 au·

422 1378 489 1436 tem
500 1369 617 1436 Comes
628 1371 824 1439 Fredericus
840 1396 906 1440 non
921 1375 1067 1440 volentes
1084 1381 1178 1440 tantu
1194 1379 1229 1439 et
1244 1375 1326 1440 talia
1341 1375 1480 1441 enormia
1492 1382 1531 1438 ta-

423 1479 501 1544 lium
526 1479 692 1544 hominum
719 1481 920 1564 subportare,
948 1487 1063 1547 contra
1088 1503 1142 1548 eos
1166 1483 1391 1565 processimus,
1415 1478 1531 1548 licetad

422 1590 642 1656 reuerentiam
665 1591 814 1656 Ducatus
840 1589 1109 1668 Venetiarum,et
1133 1591 1320 1657 Communis
1331 1591 1530 1660 Venetiamm

422 1704 535 1761 coutra
546 1695 844 1764 eosdemArbenses
860 1721 925 1762 non
941 1699 1102 1780 egerimus
1119 1700 1236 1779 omnia,
1253 1718 1318 1781 que
1348 1697 1534 1781 potuerimus

424 1803 483 1868 illa
514 1803 590 1870 vice.
619 1803 762 1871 Demum
788 1804 955 1870 ducalibus
980 1805 1112 1871 monitis
1139 1827 1212 1871 cum
1238 1805 1361 1872 eisdem
1387 1801 1534 1888 pacificati

424 1911 554 1992 fuimus,
579 1912 661 1978 sicut
685 1911 748 1978 fuit
773 1912 921 1978 omnibus
947 1912 1175 1992 manifestum
1193 1917 1315 1979 etcum
1331 1913 1414 1976 inter
1429 1916 1535 1976 utram·

424 2041 486 2104 que
512 2025 643 2104 partem
660 2019 699 2085 de
710 2020 821 2086 multis
840 2020 990 2104 dampnis
1015 2025 1091 2104 posi
1107 2021 1173 2085 iam
1189 2019 1311 2086 iactam
1327 2040 1439 2103 pacem
1453 2016 1537 2097 datis,

425 2128 628 2212 querimonia
653 2133 843 2208 reiteretur,
867 2149 926 2193 nos
950 2127 1012 2212 ipsi
1023 2125 1178 2210 Comites,
1199 2133 1232 2192 et
1256 2129 1393 2194 Marcus
1409 2133 1440 2192 et
1455 2123 1537 2191 Schi-

423 2237 510 2304 uella
535 2237 679 2303 Comites
705 2238 810 2320 Vegle
835 2234 878 2302 ad
902 2237 1147 2320 requisitionem
1173 2236 1310 2301 Comitis
1335 2233 1489 2301 Arbensis
1507 2239 1536 2297 et

426 2345 542 2409 civium
569 2367 700 2411 suorum
717 2367 776 2429 pro
793 2343 957 2427 sopiendis
975 2345 1072 2412 dictis
1089 2345 1243 2427 querellis
1261 2343 1406 2408 Insulam
1420 2341 1539 2408 Arban·

424 2473 492 2516 sem
517 2452 714 2538 intravimus,
738 2454 791 2518 rbi
817 2454 916 2518 etiarn
947 2453 1056 2518 omnia
1086 2470 1151 2517 non
1182 2457 1359 2535 potuerunt
1384 2456 1459 2516 tunc
1482 2447 1537 2514 fine

428 2557 540 2624 debito
566 2563 742 2640 terminari,
763 2561 819 2626 sed
845 2561 1036 2644 absumptus
1061 2559 1124 2624 fait
1139 2560 1296 2625 terminus
1322 2559 1362 2624 de
1393 2555 1540 2624 communi

424 2667 601 2750 voluntate,
636 2675 671 2735 ut
714 2671 756 2735 ad
787 2671 1021 2736 monasterium
1059 2677 1208 2736 nostrum
1256 2666 1370 2734 Sancti
1413 2663 1538 2746 Georgii

425 2773 466 2838 de
500 2774 610 2860 Segne
640 2777 673 2842 in
704 2777 788 2844 festo
822 2777 936 2844 Sancti
970 2777 1115 2861 Georgii,
1140 2778 1195 2843 ubi
1230 2777 1324 2842 multi
1355 2775 1538 2844 conveniunt

424 2902 463 2947 eo
503 2884 565 2964 die,
589 2884 739 2950 debcmes
764 2906 833 2952 esse
858 2908 919 2970 pro
960 2887 1160 2970 complendis
1210 2883 1407 2968 supradictis
1445 2884 1535 2947 inter-

428 3011 507 3058 esse.
558 2993 628 3060 Nos
653 3001 763 3060 autern
788 2993 904 3060 Comes
930 2995 1078 3078 Duymus
1104 2993 1147 3059 ad
1183 2992 1249 3058 alia
1281 2991 1387 3057 ardua
1417 2988 1538 3071 negotia

425 3103 583 3186 ocerupati,
593 3103 713 3168 ibidem
725 3103 813 3169 dicto
830 3103 882 3168 die
899 3124 962 3167 non
979 3104 1142 3185 potuimus
1158 3102 1324 3182 interesse,
1340 3099 1397 3165 sed
1413 3095 1538 3184 predicti

426 3209 542 3274 Comes
553 3209 713 3279 Arbensis
733 3216 765 3274 et
782 3211 831 3274 sui
847 3209 1045 3290 Consiliarii,
1056 3231 1093 3274 ac
1104 3208 1249 3274 Comites
1263 3207 1399 3273 Marcus
1415 3213 1446 3271 et
1459 3203 1539 3271 Schi-

425 3317 513 3384 nella
539 3318 684 3400 predicti,
710 3338 747 3382 ao
773 3338 830 3382 nos
856 3317 973 3382 Comes
989 3315 1182 3381 Fredcricus
1200 3316 1355 3381 Potestas
1373 3315 1474 3398 Segne
1488 3311 1540 3378 lui·

425 3446 496 3494 urus
506 3425 673 3493 constituti
682 3426 753 3490 loco
764 3432 798 3490 st
809 3424 861 3489 die
872 3423 1131 3508 supradictis3et
1141 3445 1213 3490 cum
1224 3425 1263 3488 de
1273 3423 1430 3511 predictis
1440 3423 1539 3504 damp-

425 3535 475 3599 nis
501 3537 665 3620 ageretur,
689 3530 775 3597 idem
801 3532 919 3597 Comes
936 3529 1096 3598 Arbeusis
1123 3532 1262 3614 uolebat,
1278 3537 1316 3598 ut
1330 3531 1435 3614 ipsum
1451 3549 1540 3610 nego·

424 3642 505 3706 tium
531 3643 564 3706 in
591 3640 714 3706 iudices
744 3639 886 3706 arbitros
912 3637 1143 3703 dimitteretur.
1170 3640 1240 3705 Nos
1267 3644 1376 3704 autern
1402 3638 1542 3716 diximus,

426 3750 512 3830 quod
523 3749 674 3828 securius,
686 3752 722 3812 ut
731 3746 799 3830 ipse
811 3747 926 3812 Comes
937 3743 1099 3810 Arbeusis
1110 3744 1268 3810 iudicaret
1281 3767 1352 3809 cunr
1364 3744 1429 3810 suis
1439 3743 1541 3818 Consi-

423 3855 528 3924 liuriis
539 3877 613 3922 suos
623 3854 779 3946 homines,
789 3854 817 3918 si
834 3853 890 3936 qui
901 3851 1028 3935 obliqui
1039 3856 1268 3934 essent,etnos
1286 3851 1429 3917 Comites
1445 3849 1541 3933 Vegle

424 3986 462 4030 ac
473 3963 582 4047 Segne
601 3985 672 4028 cum
691 3963 813 4028 nostris
830 3966 960 4026 nostros
976 3959 1195 4026 indicaremus
1211 3959 1375 4024 sententia
1391 3957 1502 4024 debita
1514 3961 1541 4022 et

424 4072 603 4155 condigna;
617 4072 688 4154 ipse
697 4091 773 4136 vero
786 4070 904 4137 (lomes
914 4066 999 4134 Arbi
1016 4074 1046 4132 et
1060 4065 1225 4133 Arbenses
1241 4067 1430 4131 nullatenus
1444 4067 1541 4131 uolue-

424 4186 546 4261 runt-,et
556 4179 765 4246 sioremansit
775 4179 940 4261 negotium
950 4174 1191 4260 imperfectum,
1203 4173 1240 4240 Si
1251 4195 1310 4240 nos
1322 4195 1433 4240 sumus
1443 4174 1542 4256 culpa·

425 4289 508 4354 biles
519 4288 730 4375 nuncridete,
742 4293 774 4352 et
791 4286 897 4371 placet
914 4285 1016 4366 nobis
1028 4284 1116 4366 quod
1133 4303 1189 4348 vos
1205 4281 1301 4348 hrrius
1318 4283 1419 4348 etiam
1430 4281 1541 4347 iudica·

424 4396 467 4460 tis
476 4396 656 4479 veritatem,
668 4401 702 4461 et
712 4397 799 4480 quod
810 4398 954 4461 restrum
972 4392 1100 4458 fidelem
1121 4391 1284 4458 hominem
1302 4389 1345 4455 ad
1358 4387 1541 4473 inquirenda

428 4502 618 4596 supradicta
636 4503 699 4571 huc
715 4504 863 4586 mittatis,
881 4504 960 4588 quia
976 4503 1010 4569 in
1027 4502 1140 4570 eodem
1157 4500 1229 4570 loco
1246 4503 1294 4566 tot
1312 4505 1345 4565 et
1360 4499 1449 4566 tanti
1472 4518 1543 4570 uer·
