3244 5236
587 350 681 417 teas.
1136 357 1199 420 365

80 526 170 609 locis,
185 529 343 612 personis,
359 528 528 596 ordinibus
544 536 577 594 et
592 531 775 597 nominibus
791 533 933 615 propriis
950 533 1155 614 mentionem,
1171 541 1205 600 et

77 636 272 721 quibuslibet
297 637 371 720 alijs
396 637 582 721 priuilegijs
598 637 812 722 indulgentijs
828 644 863 705 et
877 638 982 706 literis
998 639 1201 724 Apostolicis

11 765 12 768 ¹
77 745 281 828 generalibus
306 745 356 811 vel
375 746 578 829 specialibus
604 769 869 832 quorumcunque
885 755 1034 815 tenorum
1052 750 1203 830 existant,

11 855 13 908 ἶ
78 873 132 938 per
147 875 211 938 que
226 855 430 937 presentibus
445 875 510 920 non
527 876 687 939 expressa,
702 857 753 921 vel
768 857 917 923 totaliter
933 878 999 922 non
1014 857 1138 924 inserta
1147 881 1203 923 no-

11 969 13 1030 }
79 960 402 1032 streJurisdictionis
412 960 586 1044 explicatio
596 962 630 1026 in
646 963 708 1028 hac
723 971 819 1046 parte
835 964 1082 1048 quomodolibet
1097 966 1205 1032 valcat

11 1091 13 1136 ὲ
77 1069 236 1152 impediri,
251 1077 285 1134 et
300 1069 341 1135 de
359 1069 477 1154 quibus
494 1089 699 1152 quorumque
715 1071 794 1136 totis
810 1071 977 1138 tenoribus
994 1071 1034 1138 de
1044 1071 1144 1138 verbo
1161 1074 1204 1138 ad

11 1177 13 1208 i
79 1176 209 1243 verbum
224 1176 376 1243 habenda
392 1177 483 1243 sitin
499 1179 621 1244 nostrie
631 1178 735 1244 literis
744 1179 865 1244 mentio
875 1179 1034 1262 specialis.
1051 1178 1205 1246 Ceterum

11 1327 13 1358 Ξ
78 1283 220 1350 volumus
245 1289 278 1350 et
295 1283 491 1369 Apostolica
511 1285 709 1352 auctoritate
725 1286 938 1368 decernimus,
963 1285 1051 1371 quod
1067 1286 1205 1369 quilibet

11 1383 13 1460 ᾗ
77 1401 217 1458 vestrum
233 1393 389 1477 prosequi
405 1391 515 1460 valeat
530 1394 707 1460 articulum
717 1395 818 1459 etiam
828 1415 888 1478 per
897 1394 998 1460 alium
1007 1394 1203 1474 inchoatum,

11 1491 12 1528 ³
78 1501 226 1584 quemuis
252 1500 338 1566 idem
363 1499 519 1568 inchoans
545 1502 634 1567 nullo
658 1500 758 1568 fuerit
782 1502 1013 1587 impedimento
1039 1500 1205 1568 Canonico

11 1631 12 1638 ¹
77 1609 275 1693 prepeditus
299 1609 453 1694 quodque
480 1609 570 1677 vobis
596 1617 629 1676 et
645 1612 776 1693 utrique
791 1617 932 1676 vestrum
949 1631 969 1676 a
985 1610 1062 1677 data
1077 1629 1206 1695 presen-

11 1707 12 1768 ἶ
79 1716 157 1780 tium
174 1718 219 1782 sit
234 1717 269 1780 in
283 1717 448 1801 premissis
464 1718 613 1784 omnibus
630 1724 662 1782 et
679 1737 791 1784 eorum
816 1718 953 1803 singulis
977 1724 1137 1803 perpetua
1151 1739 1206 1801 po·

11 1863 12 1904 3
78 1829 179 1888 testas
205 1831 237 1888 et
259 1823 445 1910 jurisdictio
472 1824 640 1904 attributa,
667 1830 701 1889 vt
725 1846 763 1890 eo
789 1825 908 1910 vigore,
933 1845 1035 1912 eaque
1051 1825 1205 1891 firmitate

11 1917 13 2006 ἶ
78 1932 180 2013 possit
205 1933 238 1996 in
263 1933 430 2016 premissis
446 1933 595 2000 omnibus
617 1938 648 1998 et
666 1932 809 2016 singulis,
838 1939 870 1999 et
885 1955 945 2017 pro
962 1932 1117 2017 predictis
1132 1954 1208 2018 pro-

11 2063 12 2114 ]
78 2038 203 2120 cedere,
219 2061 258 2105 ac
275 2040 302 2106 si
319 2039 466 2122 predicta
482 2041 592 2106 omnia
608 2045 641 2105 et
656 2041 785 2123 singula
801 2041 1009 2107 coramvobis
1020 2048 1116 2124 cepta
1130 2039 1208 2105 fuis-

11 2147 13 2172 *
77 2152 158 2229 sent,
183 2153 217 2211 et
239 2147 425 2230 jurisdictio
452 2153 566 2214 nostra
581 2168 679 2232 super
698 2149 865 2232 premissis
881 2147 1027 2213 omnibus
1044 2153 1078 2214 et
1094 2167 1206 2212 eorum

11 2251 13 2292 ³
78 2255 214 2337 singulis
246 2277 305 2339 per
336 2255 527 2321 citationem
558 2255 610 2322 vel
640 2256 771 2320 modum
803 2256 902 2320 alium
933 2260 1130 2338 perpetuata
1163 2253 1208 2317 le-

11 2387 14 2454 J
77 2363 243 2444 gittimum
268 2364 439 2445 extitisset,
469 2384 661 2448 quacunque
692 2363 925 2429 constitutione
955 2383 1020 2428 non
1045 2363 1206 2429 obstante.

79 2468 173 2554 Quod
201 2471 227 2534 si
252 2470 373 2556 prefati
398 2472 559 2557 Magister
584 2479 616 2538 et
641 2471 759 2538 iratres
783 2473 818 2538 in
841 2472 904 2537 hac
929 2478 1023 2555 perte
1049 2469 1208 2555 processi·

11 2577 13 2632 ἒ
78 2578 135 2644 bns
161 2579 279 2644 vestris
304 2577 482 2645 efficaciter
507 2599 623 2662 parere
648 2599 713 2644 non
738 2579 937 2656 consuerint,
962 2584 994 2644 et
1020 2578 1118 2642 etiam
1134 2578 1208 2644 obe·

78 2685 165 2768 dire;
205 2708 260 2754 eos
292 2709 331 2751 ex
361 2693 455 2770 parte
492 2693 607 2752 nostra
638 2686 858 2770 peremptorie
889 2686 1006 2766 citetis,
1022 2685 1028 2696 '
1046 2691 1081 2752 vt
1120 2685 1208 2750 infra
1280 2735 1281 2738 ,

11 2795 13 2864 Ϊ
79 2796 244 2862 semestris
268 2797 424 2880 temporis
450 2794 591 2878 spatium
616 2800 692 2877 post
717 2794 906 2860 citationem
931 2799 1073 2857 vestram
1098 2792 1208 2858 huius·

11 2885 12 2930 3
78 2903 165 2968 modi
198 2925 270 2969 cum
303 2903 451 2970 omnibus
486 2924 596 2968 eorum
631 2909 663 2968 et
696 2903 782 2968 dicte
809 2899 935 2966 Domus
968 2901 1208 2984 exemptionum

77 3012 270 3096 priuilegijs,
295 3013 323 3077 si
349 3033 415 3096 qua
439 3011 562 3077 hebent
589 3011 697 3094 ijdem,
722 3010 874 3076 videlicet
897 3007 1059 3092 Magister
1085 3014 1118 3073 et
1142 3007 1209 3074 fra·

11 3119 13 3190 J
76 3125 151 3202 tres,
177 3139 260 3204 quos
284 3139 343 3203 per
367 3117 629 3185 informationem
654 3117 837 3183 huiusmodi
861 3101 1059 3201 principales
1075 3123 1109 3180 et
1133 3137 1205 3198 pre·

11 3247 13 3282 ῑ
76 3227 188 3310 cipuos
203 3228 392 3312 repereritis
407 3226 627 3312 predictorum
645 3248 832 3294 excessuum
848 3228 1035 3310 patratores
1052 3246 1204 3308 persona-

11 3349 12 3354 ’
75 3333 158 3417 liter,
185 3335 242 3420 alij
269 3357 344 3402 vero
370 3356 428 3418 per
453 3343 699 3419 procuratorem
725 3355 781 3401 seu
807 3340 1036 3418 procuratores
1051 3331 1204 3415 ydoneos,

11 3437 15 3448 ’
76 3443 208 3526 plenum
233 3449 268 3507 et
292 3440 454 3509 sufficiens
469 3441 669 3525 mandatum,
693 3463 732 3508 ac
750 3442 881 3526 plenam
897 3447 929 3509 et
945 3439 1083 3506 liberam
1099 3423 1207 3523 potes·

11 3609 13 3614 .
74 3557 177 3617 tatem
205 3550 379 3617 habentem
404 3571 462 3616 seu
486 3551 655 3633 habentes,
681 3550 723 3617 ad
739 3547 956 3617 obediendum
972 3555 1005 3615 et
1022 3548 1203 3633 parendum

76 3679 188 3725 eorum
213 3659 343 3726 nomine
370 3667 400 3726 et
421 3679 481 3743 pro
497 3665 592 3743 parte
608 3677 677 3739 sua,
703 3676 800 3742 super
816 3656 983 3743 premissis
1000 3653 1204 3739 Apostoliois

76 3769 345 3850 ordinationibus,
355 3767 570 3852 beneplacitis
580 3774 613 3833 et
623 3766 797 3848 mandatis,
814 3765 1008 3850 Apostolico
1020 3760 1207 3847 conspectui

77 3897 110 3942 se
135 3884 333 3960 presentent,
358 3875 422 3961 hijs
448 3898 510 3960 que
527 3897 622 3961 super
638 3875 803 3960 premissis
820 3872 941 3939 iudicio
959 3869 1011 3936 vel
1026 3867 1210 3946 concordia,

74 3982 287 4069 iniungenda,
311 4007 349 4050 ac
365 3985 541 4050 statuenda
558 3983 754 4063 duxerimus,
771 3980 917 4066 plenarie
933 3977 1084 4063 parituri,
1101 3984 1134 4042 et
1149 3975 1210 4042 ali-

11 4083 12 4086 *
74 4099 124 4159 ter
147 4092 270 4160 facturi
296 4101 329 4158 et
355 4093 528 4176 recepturi,
555 4089 644 4174 quod
669 4091 708 4156 de
725 4088 820 4156 Sedis
846 4087 990 4153 eiusdem
1015 4084 1211 4168 processerit

76 4200 282 4286 beneplacito
307 4201 492 4268 voluntatis.
530 4197 689 4282 Alioquin
713 4197 777 4262 nisi
802 4194 1044 4279 comparuerint
1071 4198 1106 4256 et
1121 4191 1209 4258 dicta

78 4309 252 4392 priuilegia
267 4308 482 4392 portauerint,
498 4307 556 4372 illa
572 4307 661 4372 dicta
678 4304 756 4372 Sedi
770 4301 963 4386 Apostolice
979 4299 1151 4379 ostensuri,
1167 4321 1207 4364 ex

76 4426 154 4483 tunc
179 4418 355 4503 ‘priuilegia
380 4418 451 4501 ipsa
471 4417 706 4500 suspendimus,
731 4419 764 4478 et
779 4415 867 4496 ipsos
882 4411 1013 4476 interim
1031 4410 1096 4475 suis
1114 4405 1213 4473 Ordi-

75 4528 181 4611 narijs
206 4524 353 4590 volumus
379 4547 448 4589 esse
473 4524 645 4608 subiectos
676 4543 713 4587 ac
738 4519 965 4586 nichilominus
998 4523 1113 4586 contra
1143 4536 1210 4602 eos,
