3170 5234
575 328 668 392 1309.
741 389 744 397 Α
1115 331 1177 393 187

1 489 2 492 “
65 509 239 582 memorato,
259 503 345 586 quod
364 503 457 568 fieret
471 505 636 570 restitutio
652 504 872 587 predictorum
887 503 1045 570 bonorum
1061 507 1178 572 nuncio

1 613 2 616 ’
65 616 235 677 nostrorum
244 609 390 676 fidelium
408 613 648 694 predictorum3
665 633 801 696 quorum
816 612 1007 678 nunciorum
1023 618 1180 678 tractatu,

64 723 94 782 et
102 718 234 784 maxime
250 718 389 784 illustris
405 719 528 784 domini
543 719 603 784 filii
620 722 721 787 vestri
736 720 842 786 dietus
868 722 1002 789 nuncius
1019 720 1181 786 dictorum

64 831 238 890 uestrorum
257 824 401 890 fidelium
422 827 463 890 ad
492 828 759 910 compositionem
786 829 918 893 deuenit
945 849 1019 892 cum
1051 828 1179 911 prefato

1 1001 2 1006 ,
62 933 214 1016 Episcopo
233 954 294 1017 pro
311 932 413 1000 soldis
430 934 569 1002 Venetis
594 956 783 1020 grossorum
805 941 944 1018 quatuor
960 934 1048 999 mille
1066 935 1180 1002 dandis

1 1041 2 1044 ’
60 1061 113 1123 per
135 1040 254 1104 dictum
270 1041 471 1124 Episcopum
496 1043 585 1108 dieto
605 1045 722 1108 nuncio
740 1063 801 1125 pro
816 1042 912 1108 totali
928 1063 1053 1108 summa
1069 1064 1179 1108 rerum

61 1156 318 1231 recuperatarum
344 1150 498 1233 ipsarum,
524 1151 564 1216 de
590 1173 652 1233 quo
677 1151 780 1236 Regia
801 1149 980 1216 Serenitati
998 1149 1178 1234 gratiarum

1 1303 3 1328 p
61 1253 221 1320 referimus
248 1257 457 1323 multimodas
483 1260 636 1324 actiones.
664 1258 787 1327 Verum
808 1264 918 1324 tamen
936 1280 1017 1339 cum,
1032 1264 1069 1322 ut
1085 1259 1178 1324 nobis

1 1359 2 1418 ἶ
61 1363 210 1431 asseritur
219 1385 278 1447 per
289 1365 394 1430 dictos
403 1364 686 1446 nostrosVenetos,
697 1366 991 1449 dictusEpiscopus
1004 1365 1091 1431 dioto
1100 1388 1179 1430 nun-

61 1473 107 1536 cio
131 1471 289 1554 assignari
314 1471 430 1537 fecerit
454 1493 513 1556 pro
538 1479 633 1556 parte
655 1471 884 1540 satisfactionis
900 1473 1023 1538 bestias
1039 1477 1098 1555 tot,
1114 1492 1178 1554 que

1 1559 2 1646 s
61 1579 206 1642 extimate
231 1577 373 1660 suerunt,
396 1579 475 1645 licet
500 1579 669 1663 superflue,
686 1580 786 1645 soldis
803 1600 991 1660 grossorum
1006 1577 1120 1660 Mem
1137 1579 1178 1644 de

1 1699 2 1733 1
62 1705 190 1766 quorum
214 1686 405 1750 animalium
429 1688 517 1752 iusta
542 1687 729 1752 venditione
753 1709 817 1751 non
842 1685 975 1750 fuerunt
992 1686 1098 1751 habiti
1115 1688 1177 1751 uisi

1 1797 2 1880 i
60 1813 211 1875 yperpera
236 1792 277 1856 de
303 1792 445 1857 Breseoa
480 1792 546 1860 VH
572 1798 709 1877 centum,
735 1815 797 1877 que
828 1798 878 1859 est
903 1791 1006 1857 multo
1038 1793 1172 1858 minoris

1 1886 2 1964 ᾗ
61 1899 183 1984 valoris,
192 1919 291 1980 quam
309 1908 384 1966 sunt
395 1899 513 1970 Veneti
534 1901 637 1966 nostri
648 1901 772 1984 grossi3
793 1901 833 1964 de
854 1920 918 1982 quo
938 1897 1060 1982 prefati
1074 1900 1178 1965 nostri

1 2089 2 2092 Ἴ
60 2003 172 2072 Veneti
180 2007 432 2074 damnificantur
441 2030 505 2074 non
513 2010 691 2074 modicum:
706 2010 919 2075 Maiestatem
929 2008 1070 2090 Regiam
1085 2027 1178 2089 roga·

1 2103 2 2128 ³
61 2135 127 2179 mus
137 2120 267 2197 attente,
284 2121 445 2198 quatenus
461 2115 613 2200 dignetur
628 2116 741 2181 taliter
756 2116 912 2181 mandare
928 2121 960 2178 et
975 2115 1081 2180 faeere
1097 2113 1177 2194 fieri,

61 2221 143 2302 quod
167 2227 238 2286 tota
264 2222 441 2304 quantitas,
465 2244 527 2305 que
552 2229 658 2288 restat
683 2222 848 2302 soluendo,
868 2221 1037 2286 Auliverio
1053 2217 1178 2302 (luppo,

1 2373 2 2420 p
61 2329 172 2392 nuncio
187 2335 371 2394 nostrorum
394 2330 614 2412 predictorum
638 2329 793 2410 fidelium,
819 2328 966 2394 soluatur
991 2325 1025 2392 in
1042 2325 1177 2392 Venetis

1 2447 2 2480 l
61 2437 183 2516 grossis,
206 2434 258 2500 vel
282 2435 398 2502 saltem
414 2438 445 2502 in
463 2435 559 2502 rebus
575 2459 633 2521 per
647 2437 769 2501 iustam
784 2436 1028 2501 extimationem
1044 2433 1178 2499 valenti·

1 2555 2 2632 ἐ
62 2539 117 2607 bus
134 2547 262 2608 tantem
282 2565 438 2608 summam
448 2542 650 2610 Venetorum
665 2565 855 2628 grossorum
865 2568 872 2622 ;
883 2565 922 2607 ne
937 2541 1059 2626 prelati
1075 2539 1178 2605 nostri

1 2683 2 2686 =
62 2645 167 2714 fideles
193 2669 231 2712 er
248 2649 312 2714 hiis
337 2649 467 2714 iniustis
493 2652 602 2715 causis
614 2641 780 2716 ¹cumulent
795 2649 914 2714 damna
931 2648 1076 2729 damnis3
1091 2653 1125 2713 et
1140 2651 1177 2712 ut

1 2761 2 2829 ᾗ
62 2753 140 2820 sicut
163 2756 223 2822 hoc
248 2758 414 2841 negotium
433 2779 492 2840 per
508 2758 698 2824 mandatum
718 2765 750 2824 et
765 2779 897 2842 operam
913 2757 1054 2839 Regiam
1070 2760 1119 2821 est
1133 2752 1177 2818 ad

1 2889 2 2953 }
60 2859 149 2926 finem
183 2864 426 2946 compositionis
449 2866 641 2949 perductum
666 2865 859 2946 huiusmodi,
883 2866 930 2930 sie
946 2886 1005 2947 per
1027 2862 1176 2929 Eandem

1 3005 2 3014 κ
59 2965 251 3035 laudabilem
278 2955 499 3038 executionem
527 2974 697 3054 sorciatur,
722 2996 761 3037 ex
786 2996 849 3056 quo
875 2971 1046 3038 Maiestati
1071 2969 1176 3052 Regio

1 3083 2 3150 J
60 3073 242 3156 obligemur.
268 3077 391 3143 Datum
415 3080 448 3142 in
468 3087 579 3145 nostro
590 3079 708 3146 Dueali
723 3080 847 3164 palatio
862 3079 1076 3151 Venetiamm
1092 3061 1178 3142 anno

1 3243 2 3248 ,
59 3181 97 3246 ab
111 3181 340 3250 Incarnatione
355 3186 488 3251 Domini
514 3189 617 3252 nostri
632 3184 657 3251 J
658 3209 713 3253 esu
727 3185 853 3252 Christi
869 3187 1040 3252 millesimo
1055 3189 1178 3249 trecen·

58 3287 166 3354 tesimo
176 3312 272 3371 nono,
282 3291 457 3359 indictione
467 3294 615 3376 septima,
626 3295 678 3359 die
696 3317 770 3360 vero
791 3295 915 3360 decimo
931 3295 1050 3359 mensis
1061 3291 1177 3371 Madii,

1 3399 2 3437 ἶ
57 3393 179 3462 Similes
202 3397 327 3464 illustri
356 3408 389 3465 et
414 3401 584 3483 magnifico
600 3402 730 3467 domiuo
746 3407 824 3468 nato
841 3403 1038 3468 serenissimi
1055 3399 1177 3467 domini

1 3497 2 3549 ἶ
57 3505 139 3586 regis
163 3501 283 3586 Vrosii,
303 3507 440 3573 mutatis
456 3509 629 3575 mutandis.
659 3509 785 3575 Datum
799 3517 960 3595 utsupra.
985 3507 1045 3594 (X.
1071 3506 1177 3575 Medii

58 3607 134 3677 VH„
149 3610 364 3697 indietlonis.)

159 3771 195 3834 (A
207 3773 336 3824 ›Secreta
350 3775 394 3826 del
408 3777 550 3842 Collegio«
565 3779 656 3830 czimu
668 3781 809 3832 velenczei
821 3783 1047 3849 dllamlrtinyvbdl
1057 3785 1104 3837 IV.
1118 3782 1176 3837 ket.

59 3863 94 3921 1³,
109 3875 154 3922 sa,
168 3875 185 3910 a
200 3863 341 3914 velenczel
352 3878 405 3930 nag
409 3880 428 3930 y
448 3866 642 3932 levtltarbau.)
