3244 5236
378 305 443 366 412
729 323 964 368 nieuousczmi
981 311 1150 368 11161111.

380 483 476 548 ambo
503 488 611 548 essent
626 483 659 546 in
675 482 746 548 loco
763 483 812 547 ite
827 481 1014 564 longinquo,
1040 483 1127 566 quod
1142 489 1254 576 posset
1270 485 1438 551 sinistrari
1455 483 1519 551 sibi
1618 557 1619 560 Ἴ

379 591 622 656 commissorum
646 591 802 670 executio,
827 589 928 655 faciat
950 590 1020 672 ipse
1034 587 1243 656 Amboxator
1259 591 1389 658 litteras
1405 595 1512 660 conti·

381 703 495 764 nentes
513 698 554 763 de
571 698 737 764 oblatione
753 697 881 782 prefata
897 705 967 778 etc,
984 704 1018 762 vt
1034 699 1183 782 superius
1200 704 1251 765 est
1267 720 1464 784 expressum,
1481 711 1518 769 et
1617 687 1618 690 Ἴ

381 807 471 888 ipsas
489 805 654 871 dimittere
666 803 789 872 Domiti
803 811 916 871 nostro
928 805 1072 872 Sibenioi
1088 807 1327 890 presentandas
1343 815 1376 874 et
1386 809 1517 876 dandas

382 914 462 997 ipsis
480 913 664 980 Comitibus
680 914 720 980 (16
738 912 890 979 0111666.

488 1019 576 1107 Cep
587 1030 602 1089 t
613 1046 649 1090 a:
675 1023 773 1108 Quod
789 1025 898 1089 dictus
910 1022 1115 1088 Amboxetor
1130 1023 1254 1090 habeat
1269 1024 1371 1089 libros
1382 1031 1516 1091 centum

381 1151 443 1214 pro
459 1151 520 1195 vno
538 1152 655 1210 mense,
673 1135 706 1194 et
720 1129 795 1194 inde
812 1130 845 1193 in
862 1134 962 1194 61166
977 1129 1163 1194 librasLin
1172 1151 1283 1195 mense
1294 1132 1371 1196 etin
1381 1131 1516 1198 racione
1618 1173 1619 1210 5

381 1239 520 1320 mensis,
535 1245 569 1304 et
593 1238 697 1322 possit
721 1238 903 1322 expendere
920 1258 1050 1321 grossos
1067 1238 1178 1302 XXX
1193 1239 1227 1302 in
1244 1238 1296 1303 (116
1312 1239 1346 1302 11
1362 1241 1516 1321 expensis

380 1366 569 1429 grossorum
586 1344 725 1412 XVIII.
742 1344 789 1410 Et
800 1344 1029 1412 habeatvnum
1040 1329 1287 1431 espessatorem
1305 1352 1338 1410 et
1352 1345 1513 1412 famulum

381 1459 559 1533 consuetos,
576 1460 608 1518 et
624 1453 822 1538 respondeat
837 1475 908 1518 cres
924 1475 984 1537 per
1000 1453 1094 1538 diem,
1111 1461 1145 1520 et
1159 1454 1293 1520 recedat
1310 1455 1511 1539 6111116166,
1617 1449 1618 1452 ¹

380 1583 452 1626 curn
477 1583 541 1645 qua
567 1563 658 1627 vadit
682 1583 782 1646 vsque
808 1562 862 1628 vbi
886 1563 1048 1627 inuenerit
1073 1563 1207 1646 lignum,
1232 1584 1303 1628 cum
1330 1584 1396 1646 quo
1412 1564 1514 1630 vadet
1616 1557 1619 1564 ⁴

381 1691 480 1753 vsque
497 1670 686 1750 Sibinicum,
711 1677 744 1736 et
768 1671 975 1754 postmodum
990 1669 1102 1737 redeat
1117 1671 1242 1753 lignum
1259 1671 1302 1735 ad
1319 1671 1513 1736 custodiam.

380 1777 427 1842 Et
452 1778 585 1843 recedat
604 1779 711 1843 dictus
727 1773 935 1844 Ambaxotor
951 1779 995 1843 ad
1010 1778 1210 1844 voluntatem
1227 1778 1370 1858 Domini,
1395 1776 1512 1844 Consi·

381 1885 499 1950 liorum
515 1891 548 1950 et
564 1884 727 1969 Cupitum.

490 2067 523 2129 (A
539 2066 650 2117 »misti«
665 2069 757 2117 6111111
770 2066 909 2117 velenczei
923 2067 1154 2132 ollamkonyvbol
1168 2067 1231 2116 XX.
1244 2067 1304 2117 imit.
1319 2073 1344 2118 8.
1358 2068 1426 2130 les.)

866 2243 1026 2254 —.---—-

912 2375 987 2434 390.

380 2535 411 2596 A
427 2533 577 2598 veleoozei
603 2535 948 2619 kounmnytoucicsoak
967 2533 1131 2598 rotasitctso
1149 2560 1170 2598 o
1188 2531 1367 2598 Corbaoiai
1380 2533 1515 2620 911161-

380 2641 436 2705 1161
462 2644 494 2706 e's
512 2641 642 2728 Nelipcs
665 2642 789 2728 pr'dffal
818 2642 1517 2730 611111116ηά66996116116111961·1119111161.

900 2751 996 2815 1341.

487 2925 586 2993 Anno
599 2927 733 2992 Domini
744 2924 971 2993 MOOOXLI.
982 2929 1034 2995 die
1045 2928 1127 2994 XX.
1138 2927 1340 2995 Decembris.
1357 2925 1417 2993 Oa
1428 2951 1452 3012 p
1464 2936 1514 2994 ta:

382 3035 472 3107 Visis
498 3043 532 3102 et
555 3037 749 3102 examinatis
765 3037 883 3102 littoris
900 3059 951 3103 ser
967 3037 1093 3104 Marini
1110 3037 1254 3106 Venerio
1271 3036 1516 3102 Ambaxetoris
1533 3086 1538 3098 .
1618 3095 1619 3100 ,

379 3148 414 3211 11
431 3145 616 3228 Solemnis,
633 3150 665 3209 et
681 3145 801 3210 litteris
818 3146 1095 3229 responsabilibus
1106 3144 1244 3212 Comitis
1255 3145 1418 3229 Gregorii,
1437 3167 1515 3214 6611-

274 3277 281 3294 ‘
380 3256 498 3335 solunt,
525 3253 614 3336 quod
639 3275 711 3318 cum
727 3275 792 3319 non
808 3254 957 3320 videatur
972 3255 1007 3318 in
1022 3255 1088 3319 illis
1103 3255 1253 3339 partibus
1269 3256 1408 3340 amplius
1425 3257 1518 3323 stilis
1618 3309 1619 3314 ,

378 3383 470 3427 moro
487 3383 555 3441 sua,
580 3383 639 3428 nec
655 3369 704 3427 est
719 3385 792 3428 curn
809 3369 920 3428 nostro
935 3363 1067 3441 honore,
1094 3361 1266 3428 mandetur
1282 3363 1321 3443 ei,
1338 3369 1518 3448 quatenus,

380 3469 457 3533 visis
473 3469 688 3552 presentibus,
705 3470 823 3535 debeat
839 3469 1001 3538 Venecios
1018 3489 1172 3535 remeare.
1189 3468 1314 3537 Verum
1330 3453 1361 3534 si
1374 3474 1517 3556 negotio

383 3577 446 3650 sibi
471 3577 642 3641 commisse
666 3577 808 3642 nondum
839 3576 1060 3658 expediuisset
1086 3578 1265 3643 secundum
1288 3576 1430 3644 formem
1458 3601 1519 3646 sue

380 3684 624 3764 commissionis,
659 3706 716 3748 seu
740 3683 861 3748 nostris
887 3682 1039 3748 fidelibus
1064 3682 1141 3749 inde
1167 3683 1287 3748 damna
1311 3686 1420 3767 pessis
1447 3707 1517 3754 non

380 3799 467 3860 esset
491 3791 619 3875 integre
636 3790 840 3856 satisfactum
858 3790 1034 3856 secundum
1050 3791 1299 3875 promissionem
1314 3790 1440 3859 factam
1457 3816 1519 3878 per
1613 3859 1618 3866 ,

379 3900 540 3967 Comitem
548 3897 743 3982 Nelipcium,
759 3905 795 3965 vt
810 3900 902 3965 nobis
919 3897 1100 3983 descripsit,
1116 3899 1233 3966 debeat
1249 3902 1373 3967 iterato
1385 3901 1517 3970 dictam

379 4009 547 4075 emendam
564 4013 597 4072 61
614 4007 868 4073 satisfactionem
884 4009 1062 4092 requirere,
1078 4015 1176 4092 prout
1191 4009 1365 4093 expediens
1393 4012 1521 4077 viderit
1618 4035 1619 4046 ³

377 4140 437 4203 pro
447 4118 532 4184 bono
543 4117 756 4201 negotiorum.
763 4114 838 4200 Qua
848 4116 979 4200 quidem
989 4117 1203 4202 requisitione
1213 4117 1310 4199 facta,
1321 4119 1519 4202 depresenti

382 4224 543 4295 Venecias
559 4225 707 4310 protinus
724 4221 875 4290 redeatis.

490 4385 525 4453 (A
540 4387 651 4440 »Minci«
666 4389 759 4439 ozimii
772 4388 913 4438 velenczei
927 4387 1154 4452 dIlamkdnyvbOl
1167 4387 1230 4437 XX.
1243 4387 1301 4437 imit.
1317 4391 1358 4438 24.
1374 4390 1446 4454 lev.)

867 4569 969 4578 μ.
