3174 5236
740 404 973 456 o1rnouaczrs1
989 393 1159 452 emanas.

909 697 980 756 162.

325 824 328 830 Ι
381 862 427 925 ΙΙ.
444 858 571 944 Kdroly
587 856 716 921 sicilici
733 855 1059 940 bircilyfepyoereket
1075 857 1157 920 kald
1175 854 1236 919 Pal
1253 855 1393 918 Monuit.
1411 853 1492 916 1299.
1584 849 1586 884 3

491 1033 658 1118 Scriptum
673 1039 723 1098 est
732 1032 876 1097 Henrico
894 1033 933 1096 de
944 1032 1097 1098 Heruilla
1107 1032 1288 1098 Portulano
1304 1029 1494 1111 etMagistro

386 1143 599 1211 Procuratori
616 1140 739 1224 Apulie
756 1147 815 1205 etc.

495 1251 565 1314 'l'ue
581 1249 734 1314 fidelitati
751 1248 956 1332 precipimus,
973 1255 1005 1312 vt
1022 1249 1132 1314 statim
1148 1249 1291 1331 receptis
1310 1244 1496 1330 presentibus
1584 1279 1586 1318 3

388 1357 543 1422 balistam
559 1377 658 1421 unam
673 1354 714 1420 de
725 1362 822 1419 turno
840 1355 881 1419 de
896 1355 1027 1420 balistis
1038 1354 1137 1420 Ourie
1153 1361 1273 1434 nostre,
1300 1375 1362 1436 que
1372 1353 1429 1416 sub
1438 1371 1495 1416 cus·

390 1464 483 1531 todia
493 1469 550 1529 tua
561 1468 645 1544 sunt,
661 1460 824 1527 Domaldo
841 1462 881 1527 de
891 1461 1040 1544 Vngaria
1055 1462 1152 1527 latori
1169 1460 1370 1546 presentium
1384 1457 1497 1522 nomine
1584 1445 1586 1520 ἶ

392 1575 426 1637 et
449 1591 510 1653 pro
534 1576 630 1650 parte
656 1568 718 1632 viri
744 1567 862 1633 nobilis
889 1567 986 1632 Pauli
1003 1567 1089 1633 Bani
1113 1567 1153 1632 de
1169 1565 1320 1650 Vngaria
1345 1566 1498 1646 assignare
1584 1605 1586 1656 g

392 1697 554 1762 procures.
579 1675 676 1759 Quod
702 1677 729 1740 si
745 1672 831 1739 sorte
847 1675 999 1739 balistam
1016 1674 1201 1739 huiusmodi
1217 1674 1257 1738 de
1272 1672 1400 1738 balistis
1415 1670 1501 1736 (luris

392 1789 503 1849 nostre
528 1804 592 1847 non
608 1782 757 1861 haberes,
780 1802 869 1845 emas
886 1781 997 1844 statim
1014 1780 1168 1845 balistam
1182 1801 1281 1844 uuam
1296 1780 1336 1844 de
1351 1786 1441 1844 turno
1456 1779 1501 1844 bo·

394 1912 469 1956 nam
494 1896 527 1954 et
543 1889 757 1953 sufficientem
773 1888 812 1952 de
828 1888 967 1971 pecunia
982 1886 1081 1952 Curie
1098 1887 1250 1951 existenti
1265 1887 1319 1950 uel
1334 1884 1440 1952 futura
1453 1909 1501 1970 per

398 2019 514 2064 manus
539 2003 622 2078 tuas,
662 1996 817 2078 illamque
842 1996 947 2061 eidem
972 1995 1137 2060 Domaldo
1162 1996 1241 2061 dicti
1268 1994 1366 2060 Pauli
1391 1996 1503 2060 nomine

396 2107 552 2188 assignes,
562 2109 595 2167 et
603 2103 741 2185 recipias
752 2102 865 2166 exinde
876 2103 1060 2186 apodixem.
1069 2103 1194 2170 Datum
1205 2101 1348 2186 Neapoli
1360 2102 1502 2169 dieXlX

399 2213 424 2279 J
425 2211 494 2276 unii
510 2209 594 2274 XII.
610 2210 807 2276 indictionis.

506 2389 542 2452 (Δ
556 2391 641 2452 »Rege
652 2390 803 2454 Angioini‹
817 2392 850 2440 Ι).
865 2395 906 2441 94.
920 2405 957 2440 sa.
971 2393 1038 2455 Reg.
1052 2391 1148 2441 Karoli
1162 2392 1198 2441 11.
1211 2393 1269 2442 ket.
1285 2397 1346 2441 234.
1360 2393 1429 2456 lev.;
1442 2405 1465 2438 u.
1476 2389 1506 2444 ol

884 2567 1040 2579 ——u—eu

933 2787 1004 2846 163.

403 2945 449 3007 ΙΙ.
468 2945 592 3030 Kdroly
607 2943 735 3006 sicilici
751 2943 907 3029 kirrilye's
917 2945 1035 3008 Mdria
1047 2946 1267 3032 kirdlyne'nal·
1276 2947 1508 3032 priuilepiumu,

402 3052 548 3138 melylyel
559 3051 621 3114 Pul
639 3052 702 3114 hdo
718 3050 750 3114 e'a
765 3050 971 3113 testoe'reinek
987 3052 1127 3116 birtoledt
1144 3055 1177 3116 e's
1185 3053 1297 3139 jopait
1313 3049 1507 3139 meyerdaitil.

922 3161 1017 3222 1299.

512 3332 1118 3402 ProOomitibusDalmatie.

512 3441 657 3506 Karalus
676 3439 844 3506 Secundus
870 3448 929 3508 etc.
955 3450 988 3507 et
1002 3443 1114 3509 Maria
1133 3466 1267 3509 consors
1283 3447 1353 3510 eius
1369 3447 1510 3511 dictorum

407 3550 595 3630 Regnorum
619 3570 658 3611 ao
674 3547 820 3630 Vngarie
837 3548 975 3631 Regina,
999 3551 1157 3615 uniuersis
1182 3572 1318 3633 presens
1343 3553 1510 3637 piuilegium

407 3654 602 3738 inspecturis
619 3660 687 3719 tam
703 3655 908 3737 presentibus
925 3678 1022 3737 quam
1039 3657 1166 3722 futuris.
1183 3655 1512 3726 Anteoculosnostros

409 3762 541 3826 assiduo
557 3763 665 3844 posita
681 3763 906 3845 promptitudo
923 3767 1158 3846 prosecutionis
1174 3768 1217 3832 ad
1234 3767 1383 3834 subditos
1393 3786 1513 3833 eommu-

407 3869 531 3935 nicatio
556 3868 767 3934 liberalitatis
787 3869 830 3934 ad
846 3870 963 3952 dignos
979 3870 1106 3937 faciunt
1121 3895 1180 3938 nos
1198 3875 1244 3940 sic
1260 3875 1399 3941 libenter
1413 3891 1513 3958 pronos

409 3976 452 4042 ad
477 3978 614 4059 gratias
638 3983 673 4041 vt
697 3984 883 4042 nostrorum
908 3979 1024 4045 merita
1050 3983 1245 4065 obsequiosa
1269 3982 1413 4048 fidelium
1435 3981 1514 4066 grato

407 4084 548 4148 libenter
574 4084 810 4148 munerationis
835 4084 993 4167 condigne
1018 4086 1175 4168 rependio
1199 4091 1403 4172 premiemus.
1447 4087 1514 4154 Sane

410 4197 584 4273 pensantes
599 4192 633 4255 iu
650 4191 798 4274 grandia,
823 4197 920 4274 grata
936 4199 969 4257 et
985 4200 1121 4276 accepta
1136 4197 1280 4276 seruitia,
1297 4219 1360 4279 que
1375 4219 1432 4281 per
1446 4196 1515 4260 viros

413 4297 539 4363 nobiles
564 4298 704 4364 Paulum
730 4299 860 4364 Banum
876 4300 1081 4382 Creatorum,
1107 4309 1140 4368 et
1155 4301 1336 4386 Georgium
1352 4326 1390 4370 ac
1405 4297 1516 4368 Blandi-

416 4425 492 4470 num
507 4403 637 4490 fratres,
655 4406 837 4472 Ciuitatum
853 4406 1019 4474 Dalmatio
1030 4408 1182 4494 Comites,
1197 4411 1333 4477 dilectos
1349 4406 1516 4492 consangui-

419 4532 505 4594 neos,
524 4511 637 4578 affines
653 4521 686 4580 et
701 4514 813 4580 fideles
830 4518 970 4600 nostroe,
996 4517 1039 4582 ab
1055 4517 1133 4583 olim
1148 4519 1240 4585 nobis
1257 4519 1407 4600 exhibita
1428 4523 1457 4583 et
1471 4533 1518 4596 quo
