3170 5234
517 338 611 402 1326.
1061 337 1124 399 935

5 545 7 558 =
26 533 101 577 mum
115 513 151 578 de
167 519 303 596 argente
320 535 393 578 cum
409 514 583 597 copereub
601 513 769 598 perforato
785 514 1002 580 necessarium
1020 515 1062 578 ed
1079 511 1094 577 f
1113 554 1125 565 -

5 627 7 710 J
25 621 146 686 ciendum
161 622 394 687 salsamentum
409 623 443 686 in
454 643 564 687 mensa
574 621 726 705 ponderis
736 622 818 688 libre
829 623 922 686 vuius
932 621 1023 687 vncie
1033 621 1125 685 vuius

5 755 7 790 ;
25 737 49 793 ct
61 736 236 794 tarenorum
251 729 361 795 decem
379 751 439 813 pro
455 730 550 794 meie
566 751 628 794 me
643 729 767 793 tarenis
778 727 935 794 tredecim
946 729 1059 811 grauis
1070 749 1128 793 sex

5 847 7 916 y
26 843 50 899 et
70 833 200 903 deueriis
226 843 378 920 quatuor.
411 835 592 902 Plectellos
619 844 692 901 octe
709 836 749 900 de
765 840 904 918 argente
920 836 1074 919 ponderis
1091 835 1126 900 li·

5 921 132 1014 ibreium
156 943 296 1027 triginta
321 946 413 1010 vuius
430 951 462 1010 et
478 945 646 1010 meierum
663 949 786 1028 septem
802 965 862 1027 pre
877 945 978 1009 vneiis
995 950 1128 1028 quatra·

25 1050 97 1133 ginta
119 1072 177 1116 vna
195 1055 317 1119 tarenis
334 1071 392 1119 sex
407 1055 520 1136 granis
535 1053 646 1119 decem
663 1058 696 1117 et
710 1072 828 1118 nouem
844 1060 877 1117 et
892 1052 1033 1118 denariis
1049 1073 1128 1136 qua-

5 1161 6 1234 }
23 1164 89 1222 tuor.
110 1157 270 1225 Scutelles
286 1161 434 1227 mdecim
451 1161 490 1225 de
506 1168 643 1245 argente
659 1160 811 1244 ponderis
822 1160 979 1226 librarum
990 1159 1130 1224 sedecim

5 1279 8 1348 ξ
25 1267 166 1332 meierum
193 1265 342 1334 mdecim
358 1275 392 1334 et
408 1275 599 1334 tarenorum
616 1267 745 1350 deeem3
770 1274 803 1332 et
819 1268 901 1334 alias
918 1266 1070 1333 scutellas
1086 1266 1130 1330 vi-

5 1407 7 1464 y
25 1374 90 1454 giuti
112 1376 148 1440 de
174 1383 312 1460 argento
338 1374 490 1459 ponderis
516 1377 676 1442 librarum
693 1376 806 1459 viginti
823 1380 897 1441 octo
915 1381 946 1440 et
962 1375 1131 1439 meierum

24 1489 123 1564 septem
137 1505 199 1567 pro
215 1485 317 1550 mciis
334 1485 524 1569 octuaginta
540 1483 665 1550 duabus
681 1485 804 1550 tarenis
822 1506 877 1550 sex
893 1483 1006 1567 granis
1019 1481 1130 1548 decem

5 1657 7 1662 ,
24 1597 49 1653 et
68 1590 204 1658 denariis
231 1600 380 1677 quatuor.
421 1593 634 1660 Cocleareum
650 1615 745 1659 mum
762 1613 916 1676 maguum
933 1592 972 1657 de
989 1597 1129 1676 argento

5 1665 69 1778 ipre
90 1701 228 1786 eoquiue
252 1701 406 1786 ponderis
432 1702 592 1768 librarum
617 1702 756 1767 duarum
773 1706 804 1766 et
820 1700 987 1766 meierum
1004 1705 1129 1780 septem

5 1801 7 1820 ³
24 1812 47 1870 et
67 1807 171 1875 medie.
208 1807 371 1876 Seutellas
388 1809 637 1893 quatuordeeim
653 1811 693 1876 de
709 1816 847 1893 argento
863 1807 1018 1891 ponderis
1033 1806 1133 1872 libre·

5 1963 6 1966 η
25 1933 81 1977 rum
95 1915 249 1981 tredecim
266 1923 299 1982 et
315 1919 482 1982 meierum
502 1917 612 1982 decem
629 1939 689 2002 pre
705 1917 807 1981 vueiis
824 1914 934 1980 decem
951 1921 983 1978 et
1000 1919 1133 1979 ecteta-

26 2022 94 2084 reuis
109 2021 266 2086 tredecim
282 2025 395 2107 grauis
413 2046 469 2090 sex
485 2032 517 2090 et
533 2026 645 2090 tereiis
662 2024 797 2090 duabus.
813 2021 845 2088 N
849 2043 950 2106 eppes
961 2019 1133 2085 duodecim

5 2161 7 2240 y
25 2125 54 2190 de
75 2137 209 2213 argento
233 2131 387 2215 ponderis
413 2135 575 2201 librarum
591 2141 665 2201 octo
682 2135 849 2200 meierum
866 2139 988 2216 septem
1004 2136 1133 2196 tareno-

5 2243 8 2316 Ι
25 2255 80 2299 rum
102 2239 218 2321 viginti
243 2239 381 2306 duorum
407 2248 441 2308 et
465 2263 640 2326 granorum
661 2243 773 2308 decem
787 2263 847 2325 pre
865 2240 964 2306 suciis
980 2236 1132 2304 undecim

5 2317 127 2416 itereuis
153 2352 279 2430 septem
305 2351 416 2430 grauis
441 2349 547 2416 tribus
574 2357 608 2416 et
623 2350 752 2434 quartis
768 2347 882 2416 tribus.
905 2345 1021 2413 Becile
1038 2365 1134 2409 vnum

5 2423 8 2508 i
24 2453 180 2518 rotundum
209 2453 249 2519 de
274 2461 410 2539 argento
437 2456 631 2523 deauratum
647 2458 681 2522 in
696 2463 791 2539 parte
807 2454 960 2539 ponderis
974 2453 1136 2519 librerum

5 2509 146 2654 iqmnque
171 2565 339 2629 meierum
366 2569 507 2647 quatuor
522 2570 713 2631 tarenorum
728 2565 827 2629 trium
844 2569 878 2628 et
891 2561 990 2628 medii
1004 2582 1065 2644 pro
1081 2581 1135 2624 m-

5 2659 69 2752 }eiis
84 2675 206 2752 septem
231 2671 355 2735 tarenis
370 2671 515 2737 mdeeim
533 2678 565 2738 et
581 2672 693 2756 grauis
710 2672 863 2756 quinque.
901 2667 1038 2753 Neppos
1055 2667 1136 2733 duos

6 2770 54 2858 {de
75 2783 209 2860 argento
234 2776 392 2845 deaurato
417 2781 553 2846 interius
579 2787 612 2845 et
638 2780 781 2844 exterius
797 2801 870 2844 eum
886 2777 989 2862 perlis
1006 2781 1038 2841 et
1054 2775 1135 2859 lapi·

6 2865 9 2942 i
22 2879 100 2949 dibus
114 2887 271 2968 ponderis
288 2887 446 2952 librarum
461 2889 562 2953 trium
577 2889 744 2952 meierum
760 2909 876 2954 ucuem
894 2892 927 2951 et
943 2893 1132 2951 tarenorum

6 2998 130 3074 septem
150 2999 183 3059 et
209 2992 306 3078 mediy'
333 3016 392 3078 pro
408 2996 510 3062 mciis
528 3019 584 3060 sex
600 2995 724 3060 tarenis
742 3002 816 3061 oete
831 2994 944 3079 grauis
961 2990 1133 3057 duodecim

6 3087 47 3160 sset
66 3101 178 3168 medie.
218 3101 375 3187 Neppum
401 3126 496 3169 mum
522 3104 563 3169 de
589 3110 726 3187 argente
742 3105 876 3188 planum
892 3102 1084 3167 deauratum
1101 3105 1133 3162 et

6 3201 192 3274 'smaltatum
211 3211 244 3274 iu
261 3209 367 3276 medio
385 3210 426 3275 ad
444 3232 536 3276 erma
553 3211 675 3276 domini
691 3210 792 3295 Regis
809 3217 842 3275 et
857 3209 985 3276 domiue
1004 3207 1131 3290 Regius

6 3315 158 3398 ponderis
183 3317 342 3382 librarum
366 3317 457 3384 vuius
482 3319 647 3384 meierum
673 3317 813 3383 duarum
829 3324 1018 3383 tarenorum
1034 3314 1133 3379 trium

6 3433 8 3464 ὲ
22 3427 47 3482 et
60 3441 232 3503 granorum
259 3424 442 3505 quindecim
458 3445 518 3508 pro
534 3427 627 3490 vueia
642 3447 704 3489 vna
718 3424 843 3490 tarenis
858 3422 976 3506 viginti
991 3443 1047 3488 sex
1063 3441 1136 3504 gre-

22 3527 185 3595 uisdecem.
203 3529 414 3598 Oamucleum
431 3555 527 3598 mum
544 3533 702 3597 munitum
719 3532 758 3598 de
775 3535 912 3615 argente
929 3551 1001 3595 eum
1017 3525 1135 3612 lapidi·

7 3631 69 3698 bus
84 3637 294 3704 incastruatis
312 3641 523 3706 circumcirca
539 3663 599 3725 pro
615 3641 716 3706 vuciis
734 3639 866 3704 duabus.
892 3637 1020 3704 Mulum
1036 3656 1133 3699 vnum

7 3745 8 3752 ’
22 3741 69 3822 pili
78 3743 162 3826 salvi,
178 3746 301 3812 mulam
317 3769 412 3812 vnem
429 3748 488 3832 pili
504 3749 568 3832 bey
584 3749 679 3814 bruni
697 3768 757 3832 pro
773 3745 876 3810 meiis
892 3743 996 3810 tribus
1012 3743 1133 3807 mulum

20 3867 102 3916 mum
125 3854 182 3936 pili
209 3854 272 3938 bey
297 3855 392 3921 bruni
418 3877 479 3939 pro
505 3856 606 3921 vueiis
631 3861 762 3939 septem.
803 3852 929 3919 Mulam
954 3871 1048 3916 mem
1073 3848 1135 3931 pili

21 3953 73 4039 bey
85 3960 165 4025 cleri
192 3983 252 4044 pro
268 3963 371 4046 meijs
387 3961 501 4028 tribus.
549 3963 676 4027 Mulum
692 3982 788 4026 mum
804 3960 863 4043 pili
880 3957 943 4041 bey
959 3958 1057 4024 bruni
1073 3977 1134 4039 pro

21 4067 108 4152 meijs
139 4071 285 4153 quinque
314 4075 347 4134 et
374 4070 497 4135 mulum
522 4090 620 4135 vnum
645 4069 705 4153 pili
729 4070 793 4154 bey
817 4087 878 4151 prc
903 4065 1005 4132 vnciis
1029 4063 1137 4130 tribus

22 4179 49 4233 et
77 4178 198 4242 tarenis
239 4176 432 4261 quindecim.
486 4177 573 4242 Item
603 4173 766 4242 Bartholc
803 4173 921 4257 Squeri
961 4173 1136 4241 mercatori

21 4282 130 4360 petiam
155 4305 252 4348 vnam
278 4283 318 4348 de
343 4285 496 4350 semmicc
522 4285 638 4351 celeris
656 4284 803 4350 eclestris
823 4284 1012 4349 extimetem
1028 4280 1139 4345 vueias

24 4395 153 4467 quatuor
178 4413 239 4474 pro
264 4391 363 4457 mciis
379 4393 493 4458 tribue.
530 4392 666 4457 Pomum
682 4413 778 4456 mum
795 4391 835 4455 de
851 4396 986 4474 argente
1003 4387 1140 4452 deaure-

21 4501 78 4561 tum
97 4499 253 4586 penderis
279 4499 362 4568 libre
377 4501 470 4568 vuius
487 4503 652 4566 meierum
669 4501 806 4566 duarum
820 4507 1009 4565 tarenorum
1025 4495 1141 4580 viginti
