3244 5236
408 394 472 462 890
763 410 998 460 circonstans
1020 395 1187 460 emersu.

409 579 479 640 tum
496 575 529 639 et
544 571 688 640 velocem
704 595 890 640 succursum
901 573 1116 657 requirerent,
1131 573 1219 638 eteis
1230 571 1400 655 videretur,
1416 569 1525 640 dictum

409 703 595 748 succursum
611 687 687 748 ante
704 703 726 748 a
741 683 836 750 nobis
851 682 997 766 recipere
1013 688 1046 746 et
1062 679 1183 746 habere
1199 702 1304 764 posse,
1322 700 1525 765 quamexpec-
1596 745 1597 772 ἶ

408 793 480 854 tare
506 787 610 854 dictas
637 794 780 873 quatuor
798 790 928 872 galeas3
955 789 1112 869 volumus,
1140 789 1229 872 quod
1246 788 1382 852 sollicite
1397 789 1484 854 nobis
1497 788 1526 854 id
1596 831 1597 870 2

409 895 566 978 scribant,
581 904 615 963 et
630 896 738 982 qualis
754 917 925 964 succursus
942 897 989 960 eis
1005 902 1091 962 esset
1101 897 1333 962 neccessarius.
1348 895 1388 960 In
1398 896 1526 962 aduentu
1596 891 1597 904 ¹

411 1009 522 1070 autem
533 1005 697 1070 dictorum
708 1004 900 1070 nuncior‘um
917 1025 975 1088 per
989 1004 1094 1070 dictos
1105 1002 1252 1070 Comites
1262 1011 1295 1068 et
1310 1025 1365 1070 eos
1382 1002 1423 1069 ad
1432 1001 1527 1070 Comi·
1595 999 1597 1012 ⁴

410 1119 479 1176 tem
495 1107 681 1196 Neliptium
699 1113 973 1194 transmissorum,
989 1119 1023 1176 et
1037 1113 1258 1195 responsionis
1274 1109 1411 1178 Comitis
1419 1109 1527 1194 Duymi

409 1226 445 1284 at
461 1217 614 1285 Bartholi
643 1217 813 1300 credimus,
838 1218 928 1300 quod
943 1217 1029 1285 forte
1044 1217 1212 1286 habebunt
1227 1220 1348 1302 aliqua,
1372 1241 1431 1302 que
1446 1219 1527 1284 nobis

412 1331 447 1390 et
461 1325 558 1390 factis
574 1327 694 1392 nostris
710 1325 804 1392 vtilia
820 1332 929 1392 essent
944 1333 977 1392 ct
993 1325 1177 1408 fructuosa3
1209 1331 1241 1392 et
1258 1331 1439 1412 propterea,
1461 1325 1527 1390 licet
1596 1331 1597 1334 ’

410 1455 477 1498 non
501 1434 545 1497 sit
568 1431 752 1516 expediens,
777 1432 969 1499 mandamus
986 1435 1033 1498 eis
1049 1455 1122 1499 eum
1138 1435 1258 1499 nostris
1274 1430 1427 1499 Consiliis
1441 1431 1527 1516 preli·
1596 1503 1597 1506 Ἴ

412 1542 509 1620 batis,
536 1546 697 1622 quatenus
721 1545 837 1622 totum,
863 1540 952 1622 quod
977 1539 1160 1618 habuerint,
1185 1541 1321 1606 fecerint
1338 1546 1371 1605 et
1385 1541 1528 1605 senserint

414 1651 455 1714 cle
480 1649 649 1716 uoluntate
673 1657 707 1716 et
730 1651 914 1716 intentione
938 1649 1099 1716 dictorum
1125 1649 1291 1716 Comitum
1315 1657 1348 1714 et
1363 1649 1527 1726 Beronum,

416 1765 450 1822 et
474 1777 567 1822 suum
592 1756 763 1822 consilium
788 1763 856 1821 tam
882 1778 980 1840 super
1003 1755 1159 1840 predictis
1185 1778 1282 1839 quam
1299 1757 1444 1822 omnibus
1458 1753 1528 1830 aliis,

417 1885 481 1948 que
505 1863 548 1928 ad
572 1862 728 1930 honorem
753 1871 902 1930 nostrum
929 1868 961 1930 et
976 1869 1098 1928 statum
1113 1868 1262 1929 nostrum
1279 1869 1311 1928 et
1324 1863 1529 1937 ¹conseruatio-

417 1992 491 2037 nem
509 1977 680 2036 terrarum
705 1979 892 2037 nostrarum
919 1969 1094 2037 Selauouie
1127 1973 1341 2053 cognouerint
1371 1975 1529 2056 pertinere,

419 2079 485 2144 sint
501 2077 635 2143 solliciti
652 2078 746 2144 nobis
763 2099 820 2162 per
837 2099 912 2143 suas
927 2077 1058 2144 litteras
1074 2077 1229 2144 velociter
1243 2098 1401 2144 reserare.

529 2184 692 2270 Capta:
710 2185 809 2270 Quod
825 2186 1064 2270 respondeatur
1080 2185 1175 2252 dietis
1186 2187 1306 2250 nostris
1316 2185 1530 2251 Prouisoribus
1596 2221 1597 2224 =

422 2291 606 2372 Solemnis,
622 2292 785 2377 quomodo
802 2295 933 2377 scriptis
948 2299 980 2358 et
990 2294 1153 2358 denotatis
1163 2293 1284 2358 litteris
1295 2301 1328 2358 et
1338 2294 1530 2378 responsione
1596 2321 1597 2334 κ

420 2401 567 2484 proxime
583 2402 722 2484 scriptis,
745 2423 806 2484 per
823 2421 904 2484 quas
920 2401 1195 2484 respondebamus
1211 2402 1259 2465 eis
1275 2401 1317 2466 ad
1335 2423 1409 2467 suas
1423 2403 1531 2484 primas

421 2508 551 2572 litteras
575 2508 670 2573 datas
686 2506 782 2573 Nono
807 2507 861 2572 die
878 2507 982 2572 XIIL
998 2507 1093 2588 Maii,
1119 2508 1201 2572 alias
1217 2529 1293 2572 suas
1308 2509 1473 2592 recipimus
1488 2507 1531 2570 lit-

422 2621 512 2680 teras
528 2612 624 2680 hodie
640 2614 721 2680 XX
739 2616 892 2680 instantis
909 2616 1029 2680 mensis
1045 2613 1139 2694 Maii,
1156 2613 1250 2680 datas
1267 2611 1365 2680 None
1375 2615 1449 2682 XV.
1464 2611 1532 2677 dicti
1596 2629 1597 2702 j

423 2723 553 2803 mensis,
583 2741 642 2803 per
668 2741 751 2803 quas
776 2720 871 2787 nobis
896 2720 1146 2801 desecuerant,
1177 2720 1264 2805 quod
1289 2727 1365 2804 post
1389 2740 1532 2785 recessum
1594 2711 1597 2800 l

424 2825 563 2894 Andree
579 2824 620 2893 de
636 2827 748 2893 Firmo
766 2824 883 2892 Comes
894 2827 1076 2910 Gregorius
1092 2828 1177 2893 inter
1193 2827 1260 2893 alia
1274 2830 1419 2912 pecierat
1434 2828 1471 2892 ab
1487 2829 1533 2908 eis,

424 2934 507 3002 velle
523 2957 544 3001 a
559 2933 654 2999 nobis
664 2935 775 3017 aliqua
785 2939 892 3000 tamen
904 2935 1087 3016 inhonesta,
1097 2935 1340 3001 irrationabilia
1350 2943 1384 3002 et
1395 2935 1532 3012 inaudita

427 3039 515 3126 quod
542 3043 588 3105 eis
613 3061 680 3104 non
703 3041 807 3105 vismn
822 3039 894 3122 luit,
920 3062 959 3106 ea
974 3041 1068 3106 nobis
1085 3040 1255 3107 declarari.
1293 3041 1342 3107 Et
1358 3045 1434 3126 quia
1447 3041 1534 3107 nrulta
1596 3119 1597 3134 χ

426 3150 541 3218 melius
567 3154 701 3232 possent
726 3153 876 3213 oretenus
902 3169 1059 3214 enarrare
1075 3170 1174 3232 quam
1191 3149 1343 3231 scribere,
1368 3173 1429 3234 que
1444 3153 1534 3215 essent
1595 3141 1597 3228 j

427 3258 516 3322 bona
540 3260 574 3320 et
600 3254 694 3320 utilia
718 3277 778 3338 pro
804 3256 877 3320 istis
902 3253 1009 3338 sactis,
1034 3255 1207 3321 videbatur
1223 3258 1279 3338 eiS,
1298 3258 1386 3339 quod
1401 3258 1535 3324 redeunte
1596 3253 1597 3294 ἶ

427 3363 566 3429 Andrea
590 3364 747 3446 predicte,
772 3371 805 3428 et
829 3362 944 3430 habita
967 3364 1179 3450 responsione
1205 3366 1366 3431 dictorum
1393 3365 1535 3432 Comitum
1596 3361 1597 3430 ζ

427 3471 549 3553 Duymi
567 3476 597 3534 et
610 3469 770 3552 Bartholi‚
789 3469 877 3554 quod
887 3468 1051 3540 venecias
1060 3478 1190 3555 possent
1199 3493 1345 3539 remeare
1356 3481 1415 3540 ete.
1430 3472 1536 3559 Quibus
1596 3491 1597 3526 3

429 3579 577 3645 omnibus
593 3577 776 3660 intellectis
792 3580 838 3645 sic
854 3581 900 3644 eis
915 3581 1123 3663 presentibus
1138 3581 1381 3665 respondemus.
1396 3584 1440 3649 Et
1449 3586 1535 3665 prino
1596 3599 1597 3602 ¹

428 3689 462 3753 in
488 3709 525 3752 eo
543 3685 694 3751 videlicet
710 3686 798 3770 quod
815 3687 963 3753 scribunt
978 3688 1019 3753 de
1035 3686 1195 3754 Venetiae
1211 3687 1388 3770 redeundo,
1404 3687 1484 3774 quod
1496 3707 1536 3752 oc·
1594 3701 1597 3774 ⁴j

430 3793 635 3861 currentibus
652 3794 796 3877 negociis
814 3799 849 3860 et
863 3795 967 3877 nouis,
984 3817 1046 3878 que
1063 3817 1150 3861 nuno
1166 3802 1242 3861 sunt
1257 3803 1290 3862 et
1305 3797 1536 3863 videbanturoc·
1595 3807 1597 3890 f

431 3923 561 3969 currere
576 3902 611 3967 in
627 3905 776 3987 partibus
792 3904 866 3984 illis,
883 3903 938 3970 vbi
955 3911 1039 3986 sunt,
1055 3905 1083 3970 si
1100 3903 1203 3989 aliqui
1218 3928 1283 3971 non
1299 3913 1408 3972 essent
1417 3905 1468 3987 ibi,
1481 3923 1535 3968 nec·
1595 3907 1597 3956 l

431 4011 573 4077 cessario
589 4011 683 4077 nobis
700 4019 734 4079 et
750 4012 813 4077 toti
828 4019 916 4079 terre
933 4013 1097 4078 videretur
1113 4014 1242 4098 aliquos
1253 4015 1331 4081 illuc
1341 4016 1537 4083 transmittere
1593 3957 1597 4066 l

432 4139 491 4203 pro
515 4119 689 4186 tractando
714 4127 749 4186 et
772 4119 936 4203 operando
963 4141 1011 4201 ea,
1036 4143 1095 4205 per
1121 4143 1183 4205 que
1207 4123 1270 4207 ipsi
1295 4123 1338 4188 ad
1358 4129 1464 4208 partes
1477 4118 1536 4184 illas
1596 4141 1597 4210 3

432 4224 615 4292 transmissi
632 4226 771 4292 fuerunt.
788 4229 834 4293 Et
849 4235 1026 4312 propterea
1042 4250 1106 4293 non
1117 4228 1254 4312 videtur,
1270 4231 1357 4315 quod
1370 4233 1535 4311 siti-empna

432 4333 522 4415 quod
532 4334 594 4417 ipsi
604 4333 655 4399 vel
665 4334 785 4419 aliquis
802 4357 922 4416 eorum,
939 4343 1097 4420 quantum
1114 4360 1174 4421 pro
1192 4360 1285 4421 nuuc,
1301 4339 1441 4405 debeant
1450 4335 1533 4403 vene·
1595 4341 1597 4422 ff

435 4439 501 4502 cias
516 4462 670 4508 remeare.
687 4441 795 4527 Super
812 4464 849 4510 eo
867 4452 986 4529 autem,
1002 4444 1091 4529 quod
1106 4445 1201 4512 nobis
1217 4447 1421 4530 scripserunt
1436 4444 1471 4510 de
1485 4437 1534 4524 qui·
1595 4423 1597 4496 l

435 4545 573 4616 busdam
598 4548 786 4635 inhonestis,
810 4551 1093 4624 irrationabilibus
1119 4561 1152 4622 et
1176 4555 1332 4623 inauditis
1357 4577 1415 4645 per
1438 4553 1535 4622 dictum
