3170 5234
323 352 387 415 230
678 369 911 416 nmuouuozmr
928 355 1095 413 nuntnnu.

323 530 397 610 lem,
424 527 544 610 Sicilie,
570 528 782 612 Vngarieqne
808 528 950 610 Regine;
983 527 1086 592 frater
1112 525 1314 593 Guiozardus
1334 524 1448 593 Abbas

323 637 522 702 Monasterii
539 633 653 701 Sancti
669 633 820 701 Seuerini
836 635 976 700 Maioris
992 635 1032 700 de
1049 633 1189 718 Neapoli
1206 633 1341 700 Ordinis
1354 635 1449 701 Beati

324 742 502 826 Benedicti,
526 743 664 808 illustris
683 742 805 808 domini
822 742 923 806 Ducis
940 741 1094 807 Calabrie
1111 743 1292 808 executoris
1310 742 1450 808 eiusdem

324 849 512 915 testamenti
529 849 562 912 in
578 848 729 914 facienda
744 851 934 914 executione
950 849 1138 915 testamenti
1153 849 1340 915 huiusmodi
1351 851 1449 914 vicem

325 979 449 1042 gerens,
465 957 629 1039 recipiunt
645 963 831 1040 computum
848 955 1074 1040 aRaymundo
1091 956 1132 1022 de
1143 955 1292 1038 Ontonia,
1310 957 1451 1024 Thesau-

326 1067 414 1131 rario
431 1063 510 1129 dicti
526 1063 637 1144 Ducis,
662 1070 787 1129 statuto
804 1083 863 1147 per
879 1063 1001 1129 dictum
1016 1063 1142 1128 Ducem
1158 1071 1190 1129 et
1205 1063 1373 1148 predictos
1389 1065 1452 1129 Ar·

327 1173 572 1255 chiepisoopum
589 1170 860 1254 etLogothetam,
877 1178 908 1236 et
924 1170 1063 1236 fratrem
1072 1170 1247 1238 Nicolaum
1258 1169 1452 1238 Sarnensem

327 1281 527 1364 Episcopum
545 1287 735 1345 executores
752 1279 896 1344 eiusdem
916 1283 1114 1363 testamenti,
1139 1303 1289 1347 unacum
1308 1283 1375 1348 suis
1391 1281 1454 1346 col-

327 1387 410 1470 legis
435 1409 533 1471 super
548 1388 761 1472 perceptione
777 1394 810 1453 et
826 1388 990 1453 solucione
1007 1389 1170 1455 fructuum
1187 1394 1220 1454 et
1235 1388 1454 1455 ordinacionis

329 1493 417 1560 dicte
442 1494 573 1560 domine
588 1493 717 1577 Regino
735 1517 755 1559 a
771 1495 824 1560 die
840 1493 1018 1561 XXVIII.
1035 1495 1150 1561 Martii
1166 1503 1255 1562 sexte
1270 1495 1455 1561 indictionis

329 1599 420 1684 (azaz
433 1601 536 1687 1323)
550 1602 698 1684 proxime
714 1603 880 1685 preterito,
897 1623 961 1685 quo
978 1602 1042 1668 fuit
1057 1604 1100 1669 ad
1116 1601 1179 1667 hoc
1194 1602 1366 1668 ordinatus
1383 1605 1454 1667 etin

328 1708 464 1774 introitu
479 1708 573 1791 ponit
588 1708 641 1773 hic
657 1729 691 1773 se
709 1710 938 1791 consignasse:
963 1709 1092 1774 domino
1109 1709 1194 1792 Regi
1211 1709 1346 1775 anulum
1361 1733 1455 1776 vnum

333 1815 373 1880 de
389 1836 471 1880 auro
489 1836 561 1879 cum
577 1836 639 1880 vno
656 1837 771 1898 grosso
788 1816 977 1901 yemaraldo
988 1825 1021 1882 et
1030 1818 1181 1884 robinum
1191 1839 1288 1882 vnum
1298 1839 1455 1902 grossum,

334 1943 429 2005 quem
446 1921 562 1987 habuit
577 1923 665 1988 diota
675 1921 807 2005 Regina
824 1924 946 2006 aRege
957 1922 1106 2006 Vngarie
1123 1931 1219 2009 patre
1235 1945 1313 2007 suo;
1332 1925 1457 1990 Illustri

331 2029 462 2094 domino
480 2029 627 2113 Principi
643 2028 824 2096 Tarentino
850 2031 983 2095 anulum
1010 2053 1105 2096 vnum
1132 2029 1172 2095 de
1198 2053 1278 2096 auro
1305 2055 1378 2097 cum
1396 2053 1456 2096 vno

335 2138 531 2220 ysmaraldo,
557 2144 590 2203 et
616 2138 716 2203 alium
742 2139 875 2203 anulum
892 2159 987 2203 vnum
1004 2138 1045 2204 de
1061 2159 1141 2204 auro
1159 2159 1232 2205 cum
1248 2159 1310 2203 vno
1326 2140 1458 2220 robino;

331 2244 410 2308 item
435 2243 554 2310 illustri
580 2244 710 2310 domiuo
728 2244 879 2328 Principi
893 2242 1028 2329 Achaye
1053 2246 1188 2322 anulum
1204 2268 1304 2311 vnum
1320 2246 1363 2311 de
1379 2268 1455 2311 auro

333 2372 405 2416 cum
430 2351 556 2433 rubino,
579 2374 733 2418 coronam
752 2359 861 2419 autem
878 2353 918 2418 de
934 2374 1014 2418 auro
1031 2375 1103 2419 cum
1119 2354 1286 2438 lapidibus
1302 2353 1457 2436 preciosis

333 2463 365 2521 et
380 2459 490 2541 perlis,
517 2480 574 2523 neo
589 2481 655 2523 non
670 2459 826 2542 ligatoris
842 2483 899 2527 seu
915 2462 1123 2526 triczatorios
1138 2461 1178 2526 de
1193 2481 1294 2542 aur0;
1327 2469 1360 2526 et
1376 2459 1458 2526 fron·

333 2565 400 2630 tale
416 2587 511 2630 vnum
529 2568 569 2631 de
586 2589 675 2649 auro,
690 2590 752 2650 que
769 2569 878 2633 omnia
893 2569 1040 2653 predicta
1057 2569 1189 2634 domina
1204 2568 1336 2653 Regina
1351 2571 1458 2653 parari

333 2672 412 2737 olim
436 2673 560 2739 fecerat
584 2695 644 2758 pro
669 2696 770 2740 uxore
794 2677 895 2759 ipsius
922 2677 1045 2741 domini
1061 2677 1224 2760 Principis
1240 2673 1399 2761 Achaye3
1427 2677 1458 2741 in

332 2781 399 2844 vita
423 2783 524 2864 ipsius
550 2783 679 2848 domine
695 2784 821 2866 Regiae
846 2784 933 2848 idem
949 2784 1105 2868 Pn'nceps
1120 2784 1244 2868 recepit
1261 2785 1393 2870 prelato
1408 2780 1458 2850 do-

334 2888 421 2952 mino
438 2888 525 2955 Duci
550 2911 611 2972 pro
636 2897 730 2974 parte
755 2891 860 2956 inoliti
879 2893 1011 2973 domini,
1046 2893 1170 2957 domini
1185 2892 1289 2975 Regis
1306 2895 1460 2978 Vngarie,

335 2995 387 3058 cui
403 2995 488 3059 bona
502 2995 575 3078 ipsa
589 2993 675 3059 idem
692 2996 840 3062 dominus
851 2997 927 3062 Dux
943 2999 1076 3063 miotere
1086 2999 1210 3079 habuit,
1227 3021 1355 3064 crucem
1366 3021 1460 3065 unam

336 3101 376 3166 de
391 3101 481 3184 ligno
490 3102 626 3167 Domini
642 3126 714 3168 oum
723 3104 807 3187 pede
818 3103 857 3171 de
869 3127 949 3170 auro
961 3113 1113 3172 ornatam
1123 3107 1288 3190 lapidibus
1298 3109 1460 3191 preciosis,

335 3208 496 3289 balassiis,
520 3210 715 3291 yemaraldis
742 3217 775 3275 et
790 3212 891 3294 perlis
912 3216 1044 3296 grossis,
1062 3221 1094 3278 et
1110 3236 1210 3280 vnum
1226 3215 1379 3281 robinum
1395 3214 1460 3299 pul·

337 3337 444 3393 crum;
477 3315 581 3380 eidem
598 3317 727 3383 domino
745 3315 831 3382 Duoi
848 3340 908 3402 pro
925 3325 1021 3403 parte
1037 3321 1217 3387 reuerende
1233 3319 1385 3403 Domine,
1409 3322 1461 3387 do·
1528 3396 1530 3400 ¹

335 3423 422 3487 mine
440 3420 621 3487 Olemencie
637 3424 763 3505 Regino
780 3426 929 3506 Francia
947 3427 999 3492 cui
1016 3427 1169 3494 similiter
1186 3428 1296 3493 dictus
1314 3429 1459 3493 dominus

335 3529 413 3594 Dux
427 3529 560 3594 mictere
576 3530 692 3596 habuit
708 3531 793 3597 bona
809 3533 890 3616 ipsa,
908 3535 1042 3599 anulum
1053 3557 1149 3599 vnmn
1166 3536 1207 3601 de
1224 3556 1306 3600 auro
1320 3556 1392 3601 oum
1402 3557 1460 3601 vno

336 3637 460 3719 robino,
476 3658 573 3722 quem
589 3639 721 3704 donavit
737 3641 825 3706 dicte
842 3641 973 3706 domine
988 3640 1117 3726 Regino
1134 3643 1223 3708 clare
1239 3645 1395 3710 memorie
1411 3643 1463 3707 do·

336 3743 443 3809 minus
452 3743 597 3810 Karolus
609 3743 778 3812 Secundus
795 3748 844 3812 vir
860 3749 936 3832 eius,
953 3755 984 3814 et
994 3771 1217 3834 vnamcupam
1227 3772 1301 3816 cum
1313 3749 1459 3836 operculo

337 3850 378 3915 de
395 3871 483 3933 auro,
498 3852 532 3916 in
548 3873 614 3934 qua
624 3851 713 3919 dicta
722 3851 852 3938 Regina
861 3856 972 3922 bibere
983 3865 1216 3940 consueuerat3
1232 3859 1322 3924 dicto
1333 3860 1459 3925 domino

337 3958 421 4026 Duci
447 3981 506 4044 pro
531 3969 627 4044 parte
652 3984 711 4029 sua
735 3984 852 4047 cupam
867 3985 963 4029 vnam
979 3964 1019 4030 de
1035 3985 1118 4031 auro
1135 3987 1207 4031 cum
1223 3968 1405 4051 coperculo,
1428 3968 1458 4031 in

337 4088 404 4149 qua
428 4074 478 4132 est
502 4089 581 4133 crux
609 4091 679 4152 vna,
705 4079 736 4135 et
752 4093 808 4137 vas
824 4094 921 4137 vnum
938 4071 1060 4138 dictum
1074 4075 1166 4159 justa
1181 4074 1221 4139 de
1237 4095 1338 4157 auro;
1361 4074 1458 4140 eidem

338 4172 468 4240 domino
478 4175 564 4241 Duci
580 4199 640 4259 pro
651 4187 746 4263 parte
757 4179 921 4262 quondam
933 4180 1064 4246 domine
1076 4179 1308 4250 Gatherinede
1320 4181 1460 4261 Austris,

337 4281 473 4347 Ducisse
497 4283 659 4364 Calabria,
685 4289 845 4353 consortis
870 4311 936 4373 sue,
962 4291 1094 4356 anulum
1120 4310 1220 4356 vnum
1235 4291 1276 4357 de
1293 4313 1375 4357 auro
1393 4309 1457 4356 oum

339 4411 399 4453 vno
416 4413 515 4472 parvo
532 4393 712 4475 dyamante,
729 4396 807 4478 quia
823 4398 937 4463 anulus
955 4421 1028 4464 cnm
1044 4400 1161 4465 robino
1179 4400 1286 4465 eidem
1302 4399 1460 4484 quondam

340 4496 468 4569 domine
485 4497 622 4571 Ducisse
647 4503 785 4591 legatus,
812 4526 876 4570 non
891 4506 954 4576 fuit
969 4509 1140 4592 inventus;
1164 4531 1225 4596 par
1241 4531 1340 4575 vnum
1356 4509 1396 4574 de
1412 4526 1461 4592 pa·
