3222 5240
773 387 1006 434 nrrrronnozmr
1022 376 1191 434 amanen.

939 643 1014 703 322.

409 797 526 863 Hubert
542 798 669 864 sicilici
689 799 804 886 bircily
833 800 975 886 eleupedi
1001 801 1130 888 Drupe't
1155 803 1262 870 Jonas
1277 804 1524 892 illupyororszdp

411 905 609 971 nudorouat
626 929 665 971 aa
681 912 712 972 tt
727 906 858 972 sicilici
874 908 990 973 bltbe'ri
1019 909 1150 975 birtoka
1165 915 1246 976 ateio
1260 911 1349 976 ittero'
1365 913 1525 998 teljesitise·

886 1017 945 1081 ket.
973 1019 1067 1084 1333.
1425 1013 1428 1020 ¹

521 1173 608 1239 Pro
628 1171 1091 1258 JohanneDrugetto.

522 1279 689 1348 Robertus
720 1287 780 1348 eto.
806 1279 1036 1367 Thesaurarijs
1061 1285 1130 1350 eius
1146 1286 1180 1349 in
1199 1285 1315 1370 Regno
1334 1287 1522 1355 morantibus

414 1412 473 1454 neo
498 1407 562 1454 non
585 1387 778 1455 Justitiario
805 1389 908 1458 Terre
932 1390 1073 1457 Laboris
1098 1399 1131 1458 et
1151 1389 1338 1460 Comitatus
1354 1395 1528 1480 Molisij‚ac

415 1499 550 1562 statutis
576 1503 609 1562 et
633 1498 816 1564 statuendis
843 1519 940 1582 super
964 1499 1058 1566 bonis
1084 1503 1324 1567 contumacium
1349 1502 1528 1570 feudatario

414 1619 489 1670 rum
514 1605 617 1690 ipsius
636 1605 805 1689 prouincia
822 1605 865 1672 ad
881 1627 996 1673 manus
1013 1606 1112 1674 Curie
1128 1610 1321 1675 reuocandis
1336 1609 1527 1694 presentibus

416 1718 449 1777 et
474 1711 591 1778 futuris
607 1711 758 1779 fidelibus
774 1714 842 1779 suis
858 1716 1003 1798 gratiam
1018 1722 1079 1783 etc.
1094 1712 1152 1780 Ad
1167 1717 1409 1784 intercessionis
1424 1725 1455 1783 et
1468 1738 1527 1802 pre·

416 1840 489 1884 oum
514 1818 764 1886 affectuosarum
797 1824 990 1890 instantiam
1017 1821 1182 1907 Principis
1199 1821 1403 1890 Excellentis
1422 1824 1527 1890 domiui

418 1922 532 1993 Caroli
547 1925 696 2011 Vngarie
711 1928 814 2012 Regis
830 1929 983 2014 Illustris,
998 1932 1128 2016 nepotis
1143 1932 1250 1996 nostri
1269 1932 1438 2012 carissimi,
1452 1930 1527 1996 noui·

416 2040 467 2100 ter
476 2035 569 2102 nobis
579 2035 709 2120 factam,
719 2037 788 2102 viro
798 2036 901 2104 nobili
919 2037 1065 2104 Johanni
1079 2037 1237 2123 Drugetti
1252 2039 1407 2106 Palatino
1424 2038 1528 2105 Coniti

416 2141 572 2209 familiari
597 2166 654 2210 suo
680 2151 858 2229 nostroque
877 2145 965 2211 fideli
979 2145 1111 2214 feudele
1137 2148 1306 2214 seruitium
1322 2149 1416 2214 unius
1430 2147 1528 2214 militis

416 2255 451 2316 et
475 2249 601 2334 dimidij
627 2273 686 2336 per
709 2255 815 2338 ipsum
841 2252 1002 2320 Comitem
1028 2275 1088 2338 pro
1103 2256 1199 2321 bonis
1217 2253 1415 2339 feudalibus,
1431 2256 1529 2340 quein

416 2357 630 2430 Justitiaratu
655 2361 803 2446 predicto
828 2382 848 2426 a
872 2362 967 2429 nobis
982 2368 1081 2445 tenet,
1096 2363 1130 2426 in
1148 2361 1302 2446 Capitate
1318 2369 1431 2430 nostre
1446 2364 1530 2431 Curis

416 2468 573 2552 debitum,
597 2492 658 2555 pro
682 2476 753 2536 toto
770 2469 894 2535 scilicet
909 2469 1068 2554 preterito
1085 2476 1232 2554 tempore
1248 2491 1351 2554 usque
1367 2493 1459 2571 nunc,
1475 2491 1529 2556 quo

417 2577 452 2642 in
478 2579 536 2646 illa
559 2575 672 2644 debita
694 2577 794 2644 fuerit
811 2582 1016 2661 prestatione
1034 2585 1204 2663 cessatum,
1218 2579 1283 2664 hijs
1299 2580 1383 2646 serie
1399 2582 1439 2648 de
1454 2575 1531 2646 certe

417 2692 531 2755 nostra
545 2687 680 2754 scientia
696 2693 729 2753 et
744 2685 879 2771 speciali
895 2687 1005 2770 gratia
1021 2686 1170 2754 duximus
1186 2689 1429 2755 remittendum.
1444 2687 1531 2758 Volu-

419 2817 491 2864 mus
506 2796 616 2881 igitur,
636 2803 670 2863 et
684 2797 775 2865 vobis
791 2818 831 2864 ac
847 2802 990 2862 vestrum
1006 2795 1143 2878 singulis
1160 2795 1200 2861 de
1216 2797 1288 2879 ipsa
1304 2802 1395 2863 certa
1411 2797 1533 2863 scientis

419 2904 567 2972 districte
592 2905 799 2990 precipiendo
825 2903 1027 2984 mandamus,
1051 2908 1211 2986 quatenus
1237 2904 1420 2971 huiusmodi
1435 2911 1531 2970 nostre

420 3014 619 3080 remissionis
643 3016 787 3100 gratiam
811 3013 900 3079 dioto
917 3010 1048 3100 Comiti,
1073 3017 1172 3096 prout
1196 3017 1228 3079 et
1245 3015 1405 3093 quantum
1421 3013 1461 3078 ad
1476 3031 1533 3077 ves·

418 3126 506 3190 trum
532 3123 709 3206 quemlibet
733 3122 896 3207 pertinere
920 3121 1075 3203 noscitur,
1090 3121 1249 3186 tenaciter
1266 3125 1299 3186 et
1314 3119 1534 3187 inuiolabiliter

419 3232 643 3314 obseruantes,
673 3251 733 3296 nec
764 3249 822 3294 vos
848 3227 1061 3311 Thesaurarij
1087 3232 1271 3311 pretaotum
1297 3230 1467 3296 seruitium
1483 3250 1534 3314 pro

418 3343 490 3426 ipso
515 3340 676 3424 preterito
701 3345 849 3424 tempore
868 3340 997 3420 exigere
1013 3335 1191 3417 abeodem,
1207 3358 1340 3403 necros
1364 3337 1535 3406 Justitiarii

420 3471 459 3515 ac
490 3451 606 3514 statuti
638 3452 757 3514 eontra
783 3443 924 3510 eumad
957 3443 1200 3510 destitutionem
1217 3466 1274 3510 seu
1307 3448 1535 3513 renotationem

419 3558 579 3624 bonorum
603 3552 783 3620 feudalium
800 3551 1020 3637 predictorum
1037 3549 1229 3635 ubicumque
1246 3574 1285 3618 ac
1300 3553 1535 3637 quibuscunque

420 3664 607 3730 sistentium
638 3661 770 3727 oecione
801 3679 857 3726 seu
888 3680 988 3725 causa
1018 3680 1082 3725 non
1107 3661 1241 3744 prestiti
1257 3661 1384 3747 seruitij
1410 3660 1535 3729 feudalis

419 3771 522 3857 ipsius
556 3768 707 3854 predicto
737 3766 896 3851 preterito
913 3774 1069 3850 tempore,
1099 3774 1136 3832 ut
1165 3766 1341 3852 prefertur,
1370 3769 1535 3853 procedere

419 3878 624 3965 presumatis,
641 3876 778 3942 eundem
803 3873 975 3956 Comitem,
1000 3875 1053 3939 uel
1069 3872 1226 3941 officiales
1248 3897 1305 3942 seu
1320 3883 1536 3960 procuratores

420 3988 524 4072 ipsius
548 3989 583 4051 in
609 3983 704 4053 bonis
730 3979 914 4047 huiusmodi
943 3981 1127 4048 nullatenus
1146 3983 1228 4049 alias
1245 3991 1422 4069 propterea
1437 3987 1536 4050 moles·

420 4099 545 4176 tantes3
580 4092 726 4175 quinimo
742 4111 798 4156 vos
814 4096 984 4174 presentes
1000 4091 1163 4156 reuocatis
1180 4097 1214 4157 et
1245 4095 1395 4158 reuocari
1421 4092 1535 4159 faciatis

420 4223 555 4288 prorsus
565 4198 597 4265 in
615 4201 748 4266 irritum
765 4219 954 4283 processum
970 4203 1075 4262 totum
1090 4219 1150 4281 per
1160 4220 1217 4264 vos
1234 4219 1289 4264 seu
1306 4207 1450 4267 restrum
1466 4201 1534 4266 alios

420 4310 569 4378 habitum
594 4308 730 4392 proinde
756 4305 1001 4390 quomodolibet
1016 4313 1131 4370 contra
1147 4305 1232 4387 illos,
1248 4307 1372 4374 licteris
1390 4331 1446 4376 seu
1461 4329 1535 4374 man·

421 4419 509 4487 datis
535 4417 659 4483 nostris
683 4423 742 4482 ant
775 4413 1035 4480 ordinationibus
1061 4413 1306 4499 quibuscunque
1332 4417 1375 4484 ad
1411 4440 1467 4484 uos
1488 4437 1534 4482 seu

422 4525 506 4595 alios
530 4530 673 4590 vestrum
688 4525 855 4610 hucusque
870 4521 1012 4588 fortasse
1028 4521 1238 4592 manantibus
1254 4544 1311 4591 sou
1328 4525 1493 4593 nranandis
1507 4524 1533 4594 iu
