<?xml version="1.0" encoding="UTF-8"?>
<!DOCTYPE html PUBLIC "-//W3C//DTD XHTML 1.0 Transitional//EN"
    "http://www.w3.org/TR/xhtml1/DTD/xhtml1-transitional.dtd">
<html xmlns="http://www.w3.org/1999/xhtml" xml:lang="en" lang="en">
 <head>
  <title>
</title>
<meta http-equiv="Content-Type" content="text/html;charset=utf-8" />
  <meta name='ocr-system' content='tesseract 3.04.00' />
  <meta name='ocr-capabilities' content='ocr_page ocr_carea ocr_par ocr_line ocrx_word'/>
</head>
<body>
  <div class='ocr_page' id='page_1' title='image "./magyardiplomacz02wenzgoog_0134.png"; bbox 0 0 3174 5236; ppageno 0'>
   <div class='ocr_carea' id='block_1_1' title="bbox 378 320 1147 386">
    <p class='ocr_par' dir='ltr' id='par_1_1' title="bbox 378 320 1147 386">
     <span class='ocr_line' id='line_1_1' title="bbox 378 320 1147 386; baseline -0.004 -2"><span class='ocrx_word' id='word_1_1' title='bbox 378 320 421 385; x_wconf 79' lang='grc'><strong>98</strong></span> <span class='ocrx_word' id='word_1_2' title='bbox 729 335 962 382; x_wconf 77' lang='lat' dir='ltr'><strong>nunnunczmr</strong></span> <span class='ocrx_word' id='word_1_3' title='bbox 980 323 1147 386; x_wconf 69' lang='lat' dir='ltr'><strong>amenus.</strong></span> 
     </span>
    </p>
   </div>
   <div class='ocr_carea' id='block_1_2' title="bbox 372 473 1489 668">
    <p class='ocr_par' dir='ltr' id='par_1_2' title="bbox 372 473 1489 668">
     <span class='ocr_line' id='line_1_2' title="bbox 373 473 1489 582; baseline 0.004 -24"><span class='ocrx_word' id='word_1_4' title='bbox 373 473 492 574; x_wconf 84' lang='lat' dir='ltr'><strong>densis,¹</strong></span> <span class='ocrx_word' id='word_1_5' title='bbox 530 491 702 560; x_wconf 79' lang='lat' dir='ltr'><strong>familiaris</strong></span> <span class='ocrx_word' id='word_1_6' title='bbox 733 493 840 560; x_wconf 85' lang='lat' dir='ltr'><strong>Merie</strong></span> <span class='ocrx_word' id='word_1_7' title='bbox 870 493 1005 578; x_wconf 82' lang='lat' dir='ltr'><strong>Regiae.</strong></span> <span class='ocrx_word' id='word_1_8' title='bbox 1038 494 1162 563; x_wconf 89' lang='lat' dir='ltr'><strong>Ultimo</strong></span> <span class='ocrx_word' id='word_1_9' title='bbox 1207 497 1327 562; x_wconf 81' lang='lat' dir='ltr'>mensis</span> <span class='ocrx_word' id='word_1_10' title='bbox 1361 493 1489 582; x_wconf 81' lang='lat' dir='ltr'><strong>Augusti</strong></span> 
     </span>
     <span class='ocr_line' id='line_1_3' title="bbox 372 601 630 668; baseline -0.004 0"><span class='ocrx_word' id='word_1_11' title='bbox 372 601 413 668; x_wconf 84' lang='lat' dir='ltr'><strong>V.</strong></span> <span class='ocrx_word' id='word_1_12' title='bbox 433 601 630 667; x_wconf 72' lang='lat' dir='ltr'><strong>indictionis,</strong></span> 
     </span>
    </p>
   </div>
   <div class='ocr_carea' id='block_1_3' title="bbox 483 743 1493 833">
    <p class='ocr_par' dir='ltr' id='par_1_3' title="bbox 483 743 1493 833">
     <span class='ocr_line' id='line_1_4' title="bbox 483 743 1493 833; baseline 0.004 -21"><span class='ocrx_word' id='word_1_13' title='bbox 483 763 570 824; x_wconf 75' lang='lat' dir='ltr'><strong>(sac.</strong></span> <span class='ocrx_word' id='word_1_14' title='bbox 587 769 629 816; x_wconf 82' lang='lat' dir='ltr'><strong>ea</strong></span> <span class='ocrx_word' id='word_1_15' title='bbox 648 766 668 819; x_wconf 83' lang='lat' dir='ltr'><strong>r.</strong></span> <span class='ocrx_word' id='word_1_16' title='bbox 682 769 724 815; x_wconf 82' lang='lat' dir='ltr'><strong>sn.</strong></span> <span class='ocrx_word' id='word_1_17' title='bbox 747 781 779 815; x_wconf 67' lang='lat' dir='ltr'><strong>az</strong></span> <span class='ocrx_word' id='word_1_18' title='bbox 801 766 875 816; x_wconf 65' lang='lat' dir='ltr'><strong>ona</strong></span> <span class='ocrx_word' id='word_1_19' title='bbox 893 766 946 817; x_wconf 79' lang='lat' dir='ltr'><strong>mr.</strong></span> <span class='ocrx_word' id='word_1_20' title='bbox 966 766 1076 816; x_wconf 69' lang='lat' dir='ltr'><strong>nanee</strong></span> <span class='ocrx_word' id='word_1_21' title='bbox 1102 767 1294 818; x_wconf 66' lang='lat' dir='ltr'><strong>unanimum</strong></span> <span class='ocrx_word' id='word_1_22' title='bbox 1309 743 1493 833; x_wconf 62' lang='lat' dir='ltr'><strong>unperque.)</strong></span> 
     </span>
    </p>
   </div>
   <div class='ocr_carea' id='block_1_4' title="bbox 460 1109 1422 1358">
    <p class='ocr_par' dir='ltr' id='par_1_4' title="bbox 460 1109 1422 1358">
     <span class='ocr_line' id='line_1_5' title="bbox 910 1109 982 1172; baseline 0.056 -4"><span class='ocrx_word' id='word_1_23' title='bbox 910 1109 982 1172; x_wconf 71' lang='lat'>121.</span> 
     </span>
     <span class='ocr_line' id='line_1_6' title="bbox 460 1265 1422 1358; baseline 0 -23"><span class='ocrx_word' id='word_1_24' title='bbox 460 1265 565 1336; x_wconf 82' lang='lat' dir='ltr'><strong>Jdnoe</strong></span> <span class='ocrx_word' id='word_1_25' title='bbox 580 1265 726 1355; x_wconf 74' lang='lat' dir='ltr'><strong>ezdpknli</strong></span> <span class='ocrx_word' id='word_1_26' title='bbox 742 1270 834 1354; x_wconf 71' lang='lat' dir='ltr'><strong>april,</strong></span> <span class='ocrx_word' id='word_1_27' title='bbox 850 1291 871 1332; x_wconf 88' lang='lat' dir='ltr'><em>a</em></span> <span class='ocrx_word' id='word_1_28' title='bbox 888 1291 1031 1355; x_wconf 72' lang='lat' dir='ltr'><strong>moyynr</strong></span> <span class='ocrx_word' id='word_1_29' title='bbox 1046 1265 1162 1358; x_wconf 81' lang='lat' dir='ltr'><strong>kirdly</strong></span> <span class='ocrx_word' id='word_1_30' title='bbox 1187 1267 1310 1335; x_wconf 75' lang='lat' dir='ltr'><strong>induere..</strong></span> <span class='ocrx_word' id='word_1_31' title='bbox 1329 1272 1422 1336; x_wconf 83' lang='lat'><strong><em>1292.</em></strong></span> 
     </span>
    </p>
   </div>
   <div class='ocr_carea' id='block_1_5' title="bbox 289 1441 1505 2822">
    <p class='ocr_par' dir='ltr' id='par_1_5' title="bbox 488 1441 1138 1530">
     <span class='ocr_line' id='line_1_7' title="bbox 488 1441 1138 1530; baseline -0.003 -18"><span class='ocrx_word' id='word_1_32' title='bbox 488 1445 652 1530; x_wconf 76' lang='lat' dir='ltr'><strong>Scriptum</strong></span> <span class='ocrx_word' id='word_1_33' title='bbox 669 1450 718 1510; x_wconf 85' lang='lat' dir='ltr'><strong>est</strong></span> <span class='ocrx_word' id='word_1_34' title='bbox 733 1441 918 1510; x_wconf 89' lang='lat' dir='ltr'><strong>Portulano</strong></span> <span class='ocrx_word' id='word_1_35' title='bbox 934 1444 1057 1529; x_wconf 88' lang='lat' dir='ltr'><strong>Apulie</strong></span> <span class='ocrx_word' id='word_1_36' title='bbox 1076 1451 1138 1512; x_wconf 87' lang='lat' dir='ltr'><strong>etc.</strong></span> 
     </span>
    </p>

    <p class='ocr_par' dir='ltr' id='par_1_6' title="bbox 289 1551 1505 2822">
     <span class='ocr_line' id='line_1_8' title="bbox 487 1551 1498 1639; baseline 0.003 -22"><span class='ocrx_word' id='word_1_37' title='bbox 487 1551 570 1619; x_wconf 87' lang='lat' dir='ltr'><strong>Onm</strong></span> <span class='ocrx_word' id='word_1_38' title='bbox 586 1552 758 1636; x_wconf 89' lang='lat' dir='ltr'><strong>religiosus</strong></span> <span class='ocrx_word' id='word_1_39' title='bbox 783 1553 832 1618; x_wconf 81' lang='lat' dir='ltr'><strong>vir</strong></span> <span class='ocrx_word' id='word_1_40' title='bbox 855 1552 961 1618; x_wconf 88' lang='lat' dir='ltr'><strong>frater</strong></span> <span class='ocrx_word' id='word_1_41' title='bbox 993 1552 1164 1620; x_wconf 87' lang='lat' dir='ltr'><strong>Johsnnes</strong></span> <span class='ocrx_word' id='word_1_42' title='bbox 1194 1552 1359 1639; x_wconf 89' lang='lat' dir='ltr'><strong>quondam</strong></span> <span class='ocrx_word' id='word_1_43' title='bbox 1390 1551 1498 1620; x_wconf 83' lang='lat' dir='ltr'><strong>Abbas</strong></span> 
     </span>
     <span class='ocr_line' id='line_1_9' title="bbox 289 1655 1499 1746; baseline -0.005 -15"><span class='ocrx_word' id='word_1_44' title='bbox 289 1711 297 1716; x_wconf 96' lang='lat'>-</span> <span class='ocrx_word' id='word_1_45' title='bbox 379 1661 552 1731; x_wconf 80' lang='lat' dir='ltr'><strong>Bcllifanti</strong></span> <span class='ocrx_word' id='word_1_46' title='bbox 569 1660 801 1746; x_wconf 86' lang='lat' dir='ltr'><strong>Systerciensis</strong></span> <span class='ocrx_word' id='word_1_47' title='bbox 817 1655 961 1741; x_wconf 88' lang='lat' dir='ltr'><strong>Ordinis,</strong></span> <span class='ocrx_word' id='word_1_48' title='bbox 971 1663 1107 1727; x_wconf 88' lang='lat' dir='ltr'><strong>nuncius</strong></span> <span class='ocrx_word' id='word_1_49' title='bbox 1124 1661 1267 1729; x_wconf 83' lang='lat' dir='ltr'><strong>illustris</strong></span> <span class='ocrx_word' id='word_1_50' title='bbox 1276 1660 1379 1745; x_wconf 83' lang='lat' dir='ltr'><strong>Regis</strong></span> <span class='ocrx_word' id='word_1_51' title='bbox 1396 1660 1499 1744; x_wconf 87' lang='lat' dir='ltr'><strong>Vnga·</strong></span> 
     </span>
     <span class='ocr_line' id='line_1_10' title="bbox 382 1767 1502 1854; baseline -0.005 -16"><span class='ocrx_word' id='word_1_52' title='bbox 382 1772 439 1850; x_wconf 83' lang='lat' dir='ltr'><strong>rie,</strong></span> <span class='ocrx_word' id='word_1_53' title='bbox 448 1767 656 1854; x_wconf 88' lang='lat' dir='ltr'><strong>transfretarj</strong></span> <span class='ocrx_word' id='word_1_54' title='bbox 682 1768 833 1834; x_wconf 87' lang='lat' dir='ltr'><strong>intendat</strong></span> <span class='ocrx_word' id='word_1_55' title='bbox 857 1767 900 1833; x_wconf 89' lang='lat' dir='ltr'><strong>ed</strong></span> <span class='ocrx_word' id='word_1_56' title='bbox 924 1789 1075 1852; x_wconf 81' lang='lat' dir='ltr'>presens:</span> <span class='ocrx_word' id='word_1_57' title='bbox 1100 1768 1252 1836; x_wconf 87' lang='lat' dir='ltr'><strong>fidelitati</strong></span> <span class='ocrx_word' id='word_1_58' title='bbox 1277 1775 1383 1836; x_wconf 85' lang='lat' dir='ltr'><strong>vestre</strong></span> <span class='ocrx_word' id='word_1_59' title='bbox 1407 1768 1502 1852; x_wconf 75' lang='lat' dir='ltr'><strong>preci</strong></span> 
     </span>
     <span class='ocr_line' id='line_1_11' title="bbox 380 1875 1501 1965; baseline -0.002 -21"><span class='ocrx_word' id='word_1_60' title='bbox 380 1877 500 1965; x_wconf 90' lang='lat' dir='ltr'><strong>piendo</strong></span> <span class='ocrx_word' id='word_1_61' title='bbox 516 1875 717 1956; x_wconf 88' lang='lat' dir='ltr'><strong>mandamus,</strong></span> <span class='ocrx_word' id='word_1_62' title='bbox 733 1878 894 1958; x_wconf 89' lang='lat' dir='ltr'><strong>quatenus</strong></span> <span class='ocrx_word' id='word_1_63' title='bbox 905 1875 1011 1941; x_wconf 88' lang='lat' dir='ltr'><strong>eidem</strong></span> <span class='ocrx_word' id='word_1_64' title='bbox 1025 1875 1121 1961; x_wconf 88' lang='lat' dir='ltr'><strong>fratrj</strong></span> <span class='ocrx_word' id='word_1_65' title='bbox 1138 1875 1182 1944; x_wconf 86' lang='lat' dir='ltr'><strong>ad</strong></span> <span class='ocrx_word' id='word_1_66' title='bbox 1196 1877 1428 1942; x_wconf 88' lang='lat' dir='ltr'><strong>inuenieudurn</strong></span> <span class='ocrx_word' id='word_1_67' title='bbox 1443 1891 1501 1952; x_wconf 74' lang='lat' dir='ltr'><strong>vat,</strong></span> 
     </span>
     <span class='ocr_line' id='line_1_12' title="bbox 381 1979 1502 2069; baseline -0.007 -16"><span class='ocrx_word' id='word_1_68' title='bbox 381 1990 415 2053; x_wconf 93' lang='lat' dir='ltr'><strong>in</strong></span> <span class='ocrx_word' id='word_1_69' title='bbox 431 2004 496 2069; x_wconf 92' lang='lat' dir='ltr'><strong>quo</strong></span> <span class='ocrx_word' id='word_1_70' title='bbox 513 1981 723 2049; x_wconf 81' lang='lat' dir='ltr'><strong>transfretari</strong></span> <span class='ocrx_word' id='word_1_71' title='bbox 739 1981 848 2049; x_wconf 83' lang='lat' dir='ltr'><strong>valeat</strong></span> <span class='ocrx_word' id='word_1_72' title='bbox 865 1983 1035 2067; x_wconf 84' lang='lat' dir='ltr'><strong>adportes</strong></span> <span class='ocrx_word' id='word_1_73' title='bbox 1051 1982 1192 2066; x_wconf 88' lang='lat' dir='ltr'><strong>easdem,</strong></span> <span class='ocrx_word' id='word_1_74' title='bbox 1207 1989 1373 2068; x_wconf 84' lang='lat' dir='ltr'><strong>oportuno</strong></span> <span class='ocrx_word' id='word_1_75' title='bbox 1386 1979 1502 2047; x_wconf 74' lang='lat' dir='ltr'><strong>aurun</strong></span> 
     </span>
     <span class='ocr_line' id='line_1_13' title="bbox 385 2087 1503 2175; baseline -0.006 -17"><span class='ocrx_word' id='word_1_76' title='bbox 385 2095 583 2171; x_wconf 78' lang='lat' dir='ltr'><strong>assistentes,</strong></span> <span class='ocrx_word' id='word_1_77' title='bbox 598 2089 705 2173; x_wconf 88' lang='lat' dir='ltr'><strong>ipsum</strong></span> <span class='ocrx_word' id='word_1_78' title='bbox 721 2087 810 2155; x_wconf 83' lang='lat' dir='ltr'><strong>exire</strong></span> <span class='ocrx_word' id='word_1_79' title='bbox 826 2090 866 2155; x_wconf 89' lang='lat' dir='ltr'><strong>de</strong></span> <span class='ocrx_word' id='word_1_80' title='bbox 882 2111 1074 2174; x_wconf 89' lang='lat' dir='ltr'><strong>quoeunque</strong></span> <span class='ocrx_word' id='word_1_81' title='bbox 1089 2096 1189 2174; x_wconf 88' lang='lat' dir='ltr'><strong>portu</strong></span> <span class='ocrx_word' id='word_1_82' title='bbox 1213 2089 1338 2175; x_wconf 76' lang='lat' dir='ltr'><strong>Apulie</strong></span> <span class='ocrx_word' id='word_1_83' title='bbox 1363 2089 1503 2170; x_wconf 81' lang='lat' dir='ltr'><strong>voluerit,</strong></span> 
     </span>
     <span class='ocr_line' id='line_1_14' title="bbox 384 2195 1502 2283; baseline -0.005 -17"><span class='ocrx_word' id='word_1_84' title='bbox 384 2219 456 2266; x_wconf 91' lang='lat' dir='ltr'><strong>cum</strong></span> <span class='ocrx_word' id='word_1_85' title='bbox 471 2204 615 2283; x_wconf 86' lang='lat' dir='ltr'><strong>quatuor</strong></span> <span class='ocrx_word' id='word_1_86' title='bbox 631 2196 783 2278; x_wconf 87' lang='lat' dir='ltr'><strong>roncinis,</strong></span> <span class='ocrx_word' id='word_1_87' title='bbox 799 2198 934 2281; x_wconf 91' lang='lat' dir='ltr'><strong>eiusque</strong></span> <span class='ocrx_word' id='word_1_88' title='bbox 949 2197 1085 2279; x_wconf 85' lang='lat' dir='ltr'><strong>familia,</strong></span> <span class='ocrx_word' id='word_1_89' title='bbox 1099 2213 1159 2264; x_wconf 84' lang='lat' dir='ltr'><strong>nec</strong></span> <span class='ocrx_word' id='word_1_90' title='bbox 1173 2215 1238 2264; x_wconf 88' lang='lat' dir='ltr'><strong>non</strong></span> <span class='ocrx_word' id='word_1_91' title='bbox 1257 2197 1451 2264; x_wconf 77' lang='lat' dir='ltr'><strong>victualibus</strong></span> <span class='ocrx_word' id='word_1_92' title='bbox 1466 2195 1502 2262; x_wconf 88' lang='lat' dir='ltr'><strong>ad</strong></span> 
     </span>
     <span class='ocr_line' id='line_1_15' title="bbox 383 2301 1502 2388; baseline -0.004 -16"><span class='ocrx_word' id='word_1_93' title='bbox 383 2328 474 2372; x_wconf 85' lang='lat' dir='ltr'><strong>raum</strong></span> <span class='ocrx_word' id='word_1_94' title='bbox 491 2325 593 2386; x_wconf 80' lang='lat' dir='ltr'><strong>sunm,</strong></span> <span class='ocrx_word' id='word_1_95' title='bbox 609 2301 741 2387; x_wconf 80' lang='lat' dir='ltr'><strong>familie,</strong></span> <span class='ocrx_word' id='word_1_96' title='bbox 757 2325 796 2369; x_wconf 89' lang='lat' dir='ltr'><strong>ac</strong></span> <span class='ocrx_word' id='word_1_97' title='bbox 812 2323 941 2370; x_wconf 89' lang='lat' dir='ltr'><strong>annona</strong></span> <span class='ocrx_word' id='word_1_98' title='bbox 956 2305 1164 2372; x_wconf 85' lang='lat' dir='ltr'><strong>roncinorum</strong></span> <span class='ocrx_word' id='word_1_99' title='bbox 1180 2304 1327 2388; x_wconf 86' lang='lat' dir='ltr'><strong>ipsorum</strong></span> <span class='ocrx_word' id='word_1_100' title='bbox 1354 2302 1397 2370; x_wconf 90' lang='lat' dir='ltr'><strong>ad</strong></span> <span class='ocrx_word' id='word_1_101' title='bbox 1420 2308 1502 2369; x_wconf 85' lang='lat' dir='ltr'><strong>tran·</strong></span> 
     </span>
     <span class='ocr_line' id='line_1_16' title="bbox 385 2411 1504 2495; baseline -0.005 -15"><span class='ocrx_word' id='word_1_102' title='bbox 385 2415 483 2480; x_wconf 89' lang='lat' dir='ltr'><strong>situm</strong></span> <span class='ocrx_word' id='word_1_103' title='bbox 498 2412 689 2478; x_wconf 89' lang='lat' dir='ltr'><strong>necessariis</strong></span> <span class='ocrx_word' id='word_1_104' title='bbox 706 2411 808 2478; x_wconf 86' lang='lat' dir='ltr'><strong>libere</strong></span> <span class='ocrx_word' id='word_1_105' title='bbox 823 2413 1061 2495; x_wconf 84' lang='lat' dir='ltr'><strong>permictentes,</strong></span> <span class='ocrx_word' id='word_1_106' title='bbox 1076 2413 1200 2479; x_wconf 86' lang='lat' dir='ltr'><strong>nnllam</strong></span> <span class='ocrx_word' id='word_1_107' title='bbox 1222 2412 1252 2478; x_wconf 92' lang='lat' dir='ltr'><strong>ei</strong></span> <span class='ocrx_word' id='word_1_108' title='bbox 1266 2411 1448 2478; x_wconf 81' lang='lat' dir='ltr'><strong>molestiam</strong></span> <span class='ocrx_word' id='word_1_109' title='bbox 1463 2411 1504 2476; x_wconf 93' lang='lat' dir='ltr'><strong>in·</strong></span> 
     </span>
     <span class='ocr_line' id='line_1_17' title="bbox 385 2519 1504 2606; baseline -0.004 -19"><span class='ocrx_word' id='word_1_110' title='bbox 385 2521 518 2601; x_wconf 80' lang='lat' dir='ltr'><strong>ieratis3</strong></span> <span class='ocrx_word' id='word_1_111' title='bbox 534 2520 675 2603; x_wconf 87' lang='lat' dir='ltr'><strong>prouiso,</strong></span> <span class='ocrx_word' id='word_1_112' title='bbox 691 2519 778 2603; x_wconf 90' lang='lat' dir='ltr'><strong>quod</strong></span> <span class='ocrx_word' id='word_1_113' title='bbox 794 2539 905 2604; x_wconf 88' lang='lat' dir='ltr'><strong>equos,</strong></span> <span class='ocrx_word' id='word_1_114' title='bbox 935 2541 974 2587; x_wconf 87' lang='lat' dir='ltr'><strong>ao</strong></span> <span class='ocrx_word' id='word_1_115' title='bbox 1000 2541 1102 2602; x_wconf 85' lang='lat' dir='ltr'><strong>arma,</strong></span> <span class='ocrx_word' id='word_1_116' title='bbox 1133 2543 1189 2587; x_wconf 89' lang='lat' dir='ltr'><strong>eeu</strong></span> <span class='ocrx_word' id='word_1_117' title='bbox 1219 2521 1332 2606; x_wconf 85' lang='lat' dir='ltr'><strong>aliqua</strong></span> <span class='ocrx_word' id='word_1_118' title='bbox 1347 2519 1504 2606; x_wconf 85' lang='lat' dir='ltr'><strong>prohibite</strong></span> 
     </span>
     <span class='ocr_line' id='line_1_18' title="bbox 387 2627 1505 2713; baseline -0.005 -18"><span class='ocrx_word' id='word_1_119' title='bbox 387 2649 505 2709; x_wconf 84' lang='lat' dir='ltr'><strong>secum,</strong></span> <span class='ocrx_word' id='word_1_120' title='bbox 522 2627 727 2710; x_wconf 87' lang='lat' dir='ltr'><strong>aliquatenus</strong></span> <span class='ocrx_word' id='word_1_121' title='bbox 742 2643 808 2693; x_wconf 87' lang='lat' dir='ltr'><strong>non</strong></span> <span class='ocrx_word' id='word_1_122' title='bbox 822 2627 1024 2694; x_wconf 82' lang='lat' dir='ltr'><strong>transducat</strong></span> <span class='ocrx_word' id='word_1_123' title='bbox 1047 2627 1261 2695; x_wconf 90' lang='lat' dir='ltr'><strong>Presentibus</strong></span> <span class='ocrx_word' id='word_1_124' title='bbox 1286 2634 1362 2713; x_wconf 84' lang='lat' dir='ltr'><strong>post</strong></span> <span class='ocrx_word' id='word_1_125' title='bbox 1387 2645 1505 2694; x_wconf 87' lang='lat' dir='ltr'><strong>menses</strong></span> 
     </span>
     <span class='ocr_line' id='line_1_19' title="bbox 387 2731 1504 2822; baseline -0.001 -22"><span class='ocrx_word' id='word_1_126' title='bbox 387 2736 469 2802; x_wconf 91' lang='lat' dir='ltr'><strong>duos</strong></span> <span class='ocrx_word' id='word_1_127' title='bbox 485 2735 617 2800; x_wconf 89' lang='lat' dir='ltr'><strong>minime</strong></span> <span class='ocrx_word' id='word_1_128' title='bbox 634 2735 792 2802; x_wconf 81' lang='lat' dir='ltr'><strong>valituris.</strong></span> <span class='ocrx_word' id='word_1_129' title='bbox 808 2737 933 2802; x_wconf 89' lang='lat' dir='ltr'><strong>Datum</strong></span> <span class='ocrx_word' id='word_1_130' title='bbox 963 2736 1107 2822; x_wconf 86' lang='lat' dir='ltr'><strong>Viterbij</strong></span> <span class='ocrx_word' id='word_1_131' title='bbox 1140 2733 1258 2808; x_wconf 86' lang='lat' dir='ltr'>XVII.</span> <span class='ocrx_word' id='word_1_132' title='bbox 1290 2733 1440 2803; x_wconf 84' lang='lat' dir='ltr'><strong>Octobris</strong></span> <span class='ocrx_word' id='word_1_133' title='bbox 1468 2731 1504 2801; x_wconf 82' lang='lat' dir='ltr'><strong>V.</strong></span> 
     </span>
    </p>
   </div>
   <div class='ocr_carea' id='block_1_6' title="bbox 387 2842 1505 3144">
    <p class='ocr_par' dir='ltr' id='par_1_7' title="bbox 387 2842 1505 3144">
     <span class='ocr_line' id='line_1_20' title="bbox 387 2842 584 2908; baseline -0.005 0"><span class='ocrx_word' id='word_1_134' title='bbox 387 2842 584 2908; x_wconf 81' lang='lat' dir='ltr'><strong>indictionis.</strong></span> 
     </span>
     <span class='ocr_line' id='line_1_21' title="bbox 497 2985 1505 3054; baseline -0.006 -14"><span class='ocrx_word' id='word_1_135' title='bbox 497 2989 533 3053; x_wconf 79' lang='lat' dir='ltr'><strong>(A</strong></span> <span class='ocrx_word' id='word_1_136' title='bbox 549 2990 634 3054; x_wconf 58' lang='lat' dir='ltr'><strong>»Rea</strong></span> <span class='ocrx_word' id='word_1_137' title='bbox 648 2989 799 3054; x_wconf 78' lang='lat' dir='ltr'><strong>Angioini«</strong></span> <span class='ocrx_word' id='word_1_138' title='bbox 814 2991 847 3042; x_wconf 88' lang='lat' dir='ltr'><strong>B.</strong></span> <span class='ocrx_word' id='word_1_139' title='bbox 861 2993 903 3039; x_wconf 71' lang='lat'><strong>26.</strong></span> <span class='ocrx_word' id='word_1_140' title='bbox 930 3004 967 3040; x_wconf 82' lang='lat' dir='ltr'><strong>sa.</strong></span> <span class='ocrx_word' id='word_1_141' title='bbox 989 2989 1056 3054; x_wconf 83' lang='lat' dir='ltr'><strong>Reg.</strong></span> <span class='ocrx_word' id='word_1_142' title='bbox 1085 2988 1184 3040; x_wconf 80' lang='lat' dir='ltr'><strong>Karoli</strong></span> <span class='ocrx_word' id='word_1_143' title='bbox 1208 2989 1229 3040; x_wconf 91' lang='lat'><strong>1.</strong></span> <span class='ocrx_word' id='word_1_144' title='bbox 1252 2989 1346 3040; x_wconf 84' lang='lat' dir='ltr'><strong>ozimti</strong></span> <span class='ocrx_word' id='word_1_145' title='bbox 1371 2985 1505 3038; x_wconf 68' lang='lat' dir='ltr'><strong>kdtetetol</strong></span> 
     </span>
     <span class='ocr_line' id='line_1_22' title="bbox 390 3079 632 3144; baseline 0.008 -16"><span class='ocrx_word' id='word_1_146' title='bbox 390 3083 433 3132; x_wconf 75' lang='lat'><strong>41.</strong></span> <span class='ocrx_word' id='word_1_147' title='bbox 447 3079 520 3140; x_wconf 83' lang='lat' dir='ltr'><strong>lev.;</strong></span> <span class='ocrx_word' id='word_1_148' title='bbox 552 3082 632 3144; x_wconf 84' lang='lat' dir='ltr'><strong>u.o,)</strong></span> 
     </span>
    </p>
   </div>
   <div class='ocr_carea' id='block_1_7' title="bbox 873 3255 1033 3268">
    <p class='ocr_par' dir='ltr' id='par_1_8' title="bbox 873 3255 1033 3268">
     <span class='ocr_line' id='line_1_23' title="bbox 873 3255 1033 3268; baseline 0.006 -1"><span class='ocrx_word' id='word_1_149' title='bbox 873 3255 1033 3268; x_wconf 60' lang='lat' dir='ltr'><strong>——a—-u—-nt</strong></span> 
     </span>
    </p>
   </div>
   <div class='ocr_carea' id='block_1_8' title="bbox 922 3417 995 3484">
    <p class='ocr_par' dir='ltr' id='par_1_9' title="bbox 922 3417 995 3484">
     <span class='ocr_line' id='line_1_24' title="bbox 922 3417 995 3484; baseline 0.027 -2"><span class='ocrx_word' id='word_1_150' title='bbox 922 3417 995 3484; x_wconf 74' lang='lat'><strong>122.</strong></span> 
     </span>
    </p>
   </div>
   <div class='ocr_carea' id='block_1_9' title="bbox 394 3575 1506 3778">
    <p class='ocr_par' dir='ltr' id='par_1_10' title="bbox 394 3575 1506 3778">
     <span class='ocr_line' id='line_1_25' title="bbox 394 3575 1506 3669; baseline -0.008 -19"><span class='ocrx_word' id='word_1_151' title='bbox 394 3577 525 3650; x_wconf 82' lang='lat' dir='ltr'><strong>Mortell</strong></span> <span class='ocrx_word' id='word_1_152' title='bbox 543 3578 669 3669; x_wconf 79' lang='lat' dir='ltr'><strong>Kdroty</strong></span> <span class='ocrx_word' id='word_1_153' title='bbox 685 3580 753 3646; x_wconf 76' lang='lat' dir='ltr'><strong>roto</strong></span> <span class='ocrx_word' id='word_1_154' title='bbox 767 3581 1036 3668; x_wconf 69' lang='lat' dir='ltr'><strong>moqyororezdyi</strong></span> <span class='ocrx_word' id='word_1_155' title='bbox 1054 3581 1202 3668; x_wconf 78' lang='lat' dir='ltr'><strong>jaunlcat</strong></span> <span class='ocrx_word' id='word_1_156' title='bbox 1217 3583 1375 3668; x_wconf 72' lang='lat' dir='ltr'><strong>tdrqyozd</strong></span> <span class='ocrx_word' id='word_1_157' title='bbox 1388 3575 1506 3646; x_wconf 80' lang='lat' dir='ltr'><strong>odand-</strong></span> 
     </span>
     <span class='ocr_line' id='line_1_26' title="bbox 555 3689 1356 3778; baseline -0.002 -24"><span class='ocrx_word' id='word_1_158' title='bbox 555 3715 620 3778; x_wconf 79' lang='lat' dir='ltr'><strong>nyn</strong></span> <span class='ocrx_word' id='word_1_159' title='bbox 638 3689 784 3755; x_wconf 79' lang='lat' dir='ltr'><strong>Rotiezld</strong></span> <span class='ocrx_word' id='word_1_160' title='bbox 799 3690 982 3755; x_wconf 74' lang='lat' dir='ltr'><strong>sclavonici</strong></span> <span class='ocrx_word' id='word_1_161' title='bbox 997 3691 1061 3756; x_wconf 77' lang='lat' dir='ltr'><strong>ton</strong></span> <span class='ocrx_word' id='word_1_162' title='bbox 1076 3694 1239 3755; x_wconf 70' lang='lat' dir='ltr'><strong>nemora.</strong></span> <span class='ocrx_word' id='word_1_163' title='bbox 1256 3691 1356 3754; x_wconf 75' lang='lat'><strong><em>1292.</em></strong></span> 
     </span>
    </p>
   </div>
   <div class='ocr_carea' id='block_1_10' title="bbox 390 3821 1507 4570">
    <p class='ocr_par' dir='ltr' id='par_1_11' title="bbox 390 3821 1507 4570">
     <span class='ocr_line' id='line_1_27' title="bbox 499 3821 1507 3914; baseline -0.011 -17"><span class='ocrx_word' id='word_1_164' title='bbox 499 3830 649 3897; x_wconf 86' lang='lat' dir='ltr'><strong>Karolus</strong></span> <span class='ocrx_word' id='word_1_165' title='bbox 681 3829 917 3914; x_wconf 88' lang='lat' dir='ltr'><strong>primogenitus</strong></span> <span class='ocrx_word' id='word_1_166' title='bbox 948 3829 1093 3897; x_wconf 86' lang='lat' dir='ltr'><strong>Illustris</strong></span> <span class='ocrx_word' id='word_1_167' title='bbox 1123 3829 1312 3897; x_wconf 81' lang='lat' dir='ltr'><strong>Jerusalem</strong></span> <span class='ocrx_word' id='word_1_168' title='bbox 1343 3835 1377 3894; x_wconf 92' lang='lat' dir='ltr'><strong>et</strong></span> <span class='ocrx_word' id='word_1_169' title='bbox 1407 3821 1507 3892; x_wconf 83' lang='lat' dir='ltr'><strong>Sicilie</strong></span> 
     </span>
     <span class='ocr_line' id='line_1_28' title="bbox 393 3933 1507 4024; baseline -0.01 -18"><span class='ocrx_word' id='word_1_170' title='bbox 393 3941 504 4024; x_wconf 90' lang='lat' dir='ltr'><strong>Regis,</strong></span> <span class='ocrx_word' id='word_1_171' title='bbox 519 3937 584 4004; x_wconf 91' lang='lat' dir='ltr'><strong>Dei</strong></span> <span class='ocrx_word' id='word_1_172' title='bbox 601 3939 711 4020; x_wconf 85' lang='lat' dir='ltr'><strong>gretia</strong></span> <span class='ocrx_word' id='word_1_173' title='bbox 726 3934 885 4022; x_wconf 88' lang='lat' dir='ltr'><strong>Vngarie,</strong></span> <span class='ocrx_word' id='word_1_174' title='bbox 902 3937 1232 4020; x_wconf 69' lang='lat' dir='ltr'><strong>Dalmatiatlroatie,</strong></span> <span class='ocrx_word' id='word_1_175' title='bbox 1243 3933 1507 4020; x_wconf 66' lang='lat' dir='ltr'><strong>Gallinariam,</strong></span> 
     </span>
     <span class='ocr_line' id='line_1_29' title="bbox 394 4036 1507 4128; baseline -0.008 -16"><span class='ocrx_word' id='word_1_176' title='bbox 394 4046 517 4126; x_wconf 82' lang='lat' dir='ltr'><strong>Seruie,</strong></span> <span class='ocrx_word' id='word_1_177' title='bbox 533 4044 738 4124; x_wconf 77' lang='lat' dir='ltr'><strong>Looomerie,</strong></span> <span class='ocrx_word' id='word_1_178' title='bbox 755 4045 922 4126; x_wconf 82' lang='lat' dir='ltr'><strong>Cumanis,</strong></span> <span class='ocrx_word' id='word_1_179' title='bbox 937 4046 1160 4128; x_wconf 89' lang='lat' dir='ltr'><strong>Bulgarieque</strong></span> <span class='ocrx_word' id='word_1_180' title='bbox 1185 4044 1268 4125; x_wconf 86' lang='lat' dir='ltr'><strong>Rex,</strong></span> <span class='ocrx_word' id='word_1_181' title='bbox 1283 4043 1441 4126; x_wconf 83' lang='lat' dir='ltr'><strong>Princeps</strong></span> <span class='ocrx_word' id='word_1_182' title='bbox 1456 4036 1507 4104; x_wconf 81' lang='lat' dir='ltr'><strong>Sa·</strong></span> 
     </span>
     <span class='ocr_line' id='line_1_30' title="bbox 393 4141 1505 4236; baseline -0.009 -18"><span class='ocrx_word' id='word_1_183' title='bbox 393 4153 575 4219; x_wconf 88' lang='lat' dir='ltr'><strong>lernitanus</strong></span> <span class='ocrx_word' id='word_1_184' title='bbox 592 4159 625 4217; x_wconf 86' lang='lat' dir='ltr'><strong>et</strong></span> <span class='ocrx_word' id='word_1_185' title='bbox 641 4153 787 4218; x_wconf 86' lang='lat' dir='ltr'><strong>Honoris</strong></span> <span class='ocrx_word' id='word_1_186' title='bbox 803 4153 928 4218; x_wconf 86' lang='lat' dir='ltr'><strong>Montis</strong></span> <span class='ocrx_word' id='word_1_187' title='bbox 945 4151 1060 4218; x_wconf 82' lang='lat' dir='ltr'><strong>Sancti</strong></span> <span class='ocrx_word' id='word_1_188' title='bbox 1075 4149 1198 4236; x_wconf 84' lang='lat' dir='ltr'><strong>Angeli</strong></span> <span class='ocrx_word' id='word_1_189' title='bbox 1214 4151 1386 4216; x_wconf 89' lang='lat' dir='ltr'><strong>Dominus.</strong></span> <span class='ocrx_word' id='word_1_190' title='bbox 1404 4141 1505 4213; x_wconf 83' lang='lat' dir='ltr'><strong>Nostri</strong></span> 
     </span>
     <span class='ocr_line' id='line_1_31' title="bbox 394 4245 1507 4344; baseline -0.012 -17"><span class='ocrx_word' id='word_1_191' title='bbox 394 4261 534 4344; x_wconf 85' lang='lat' dir='ltr'><strong>gloria-m</strong></span> <span class='ocrx_word' id='word_1_192' title='bbox 563 4256 723 4324; x_wconf 84' lang='lat' dir='ltr'><strong>Culminis</strong></span> <span class='ocrx_word' id='word_1_193' title='bbox 752 4259 911 4342; x_wconf 83' lang='lat' dir='ltr'><strong>adaugeri</strong></span> <span class='ocrx_word' id='word_1_194' title='bbox 945 4245 1014 4324; x_wconf 87' lang='lat' dir='ltr'><strong>nos</strong></span> <span class='ocrx_word' id='word_1_195' title='bbox 1035 4257 1208 4338; x_wconf 90' lang='lat' dir='ltr'><strong>cernimus,</strong></span> <span class='ocrx_word' id='word_1_196' title='bbox 1237 4278 1311 4322; x_wconf 89' lang='lat' dir='ltr'><strong>cum</strong></span> <span class='ocrx_word' id='word_1_197' title='bbox 1345 4257 1507 4322; x_wconf 88' lang='lat' dir='ltr'><strong>clementer</strong></span> 
     </span>
     <span class='ocr_line' id='line_1_32' title="bbox 390 4357 1506 4450; baseline -0.01 -17"><span class='ocrx_word' id='word_1_198' title='bbox 390 4368 519 4450; x_wconf 85' lang='lat' dir='ltr'><strong>agendo</strong></span> <span class='ocrx_word' id='word_1_199' title='bbox 535 4367 575 4431; x_wconf 90' lang='lat' dir='ltr'><strong>de</strong></span> <span class='ocrx_word' id='word_1_200' title='bbox 591 4365 731 4432; x_wconf 85' lang='lat' dir='ltr'><strong>subditis</strong></span> <span class='ocrx_word' id='word_1_201' title='bbox 748 4366 864 4450; x_wconf 82' lang='lat' dir='ltr'><strong>dignis,</strong></span> <span class='ocrx_word' id='word_1_202' title='bbox 879 4365 962 4432; x_wconf 90' lang='lat' dir='ltr'><strong>bene</strong></span> <span class='ocrx_word' id='word_1_203' title='bbox 987 4365 1119 4432; x_wconf 89' lang='lat' dir='ltr'><strong>meritos</strong></span> <span class='ocrx_word' id='word_1_204' title='bbox 1137 4363 1275 4447; x_wconf 78' lang='lat' dir='ltr'><strong>Regalis</strong></span> <span class='ocrx_word' id='word_1_205' title='bbox 1290 4370 1402 4429; x_wconf 89' lang='lat' dir='ltr'><strong>nostre</strong></span> <span class='ocrx_word' id='word_1_206' title='bbox 1417 4357 1506 4427; x_wconf 88' lang='lat' dir='ltr'><strong>muni·</strong></span> 
     </span>
     <span class='ocr_line' id='line_1_33' title="bbox 391 4465 1503 4570; baseline -0.011 -31"><span class='ocrx_word' id='word_1_207' title='bbox 391 4475 521 4570; x_wconf 75' lang='lat' dir='ltr'><strong>ficentie</strong></span> <span class='ocrx_word' id='word_1_208' title='bbox 538 4473 656 4556; x_wconf 83' lang='lat' dir='ltr'><strong>gratijs</strong></span> <span class='ocrx_word' id='word_1_209' title='bbox 671 4475 887 4556; x_wconf 83' lang='lat' dir='ltr'><strong>prouenimus.</strong></span> <span class='ocrx_word' id='word_1_210' title='bbox 904 4472 992 4541; x_wconf 83' lang='lat' dir='ltr'><strong>Sane</strong></span> <span class='ocrx_word' id='word_1_211' title='bbox 1016 4474 1064 4538; x_wconf 81' lang='lat' dir='ltr'><strong>vir</strong></span> <span class='ocrx_word' id='word_1_212' title='bbox 1084 4469 1203 4538; x_wconf 88' lang='lat' dir='ltr'><strong>nobilis</strong></span> <span class='ocrx_word' id='word_1_213' title='bbox 1219 4470 1390 4536; x_wconf 82' lang='lat' dir='ltr'><strong>Ratislaus</strong></span> <span class='ocrx_word' id='word_1_214' title='bbox 1404 4465 1503 4536; x_wconf 72' lang='lat' dir='ltr'><strong>Bonus</strong></span> 
     </span>
    </p>
   </div>
   <div class='ocr_carea' id='block_1_11' title="bbox 0 0 1624 5236">
    <p class='ocr_par' dir='ltr' id='par_1_12' title="bbox 0 0 1624 5236">
     <span class='ocr_line' id='line_1_34' title="bbox 0 0 1624 5236; baseline 0 0"><span class='ocrx_word' id='word_1_215' title='bbox 0 0 1624 5236; x_wconf 95' lang='lat' dir='ltr'><strong> </strong></span> 
     </span>
    </p>
   </div>
  </div>
 </body>
</html>
