3244 5236
656 313 749 375 1340.
1204 315 1270 376 406

137 486 320 574 Communi,
339 495 373 553 et
389 509 463 554 eum
479 489 555 554 aliis
583 486 836 570 conditionibus,
855 495 890 553 ut
907 489 1056 570 superius
1073 488 1262 556 dictumest

132 594 290 676 volumus,
307 595 394 679 quod
410 596 445 662 in
459 598 589 663 nomine
616 593 741 662 Christi
766 593 872 662 dictus
890 593 1008 662 Comes
1024 603 1178 681 procuret
1194 618 1269 664 eon·

130 705 243 769 venire
253 725 327 770 cnm
338 699 467 770 Comite
483 704 641 784 Mladino,
658 704 821 770 ethabere
837 704 878 770 ab
894 703 965 788 ipso
981 701 1106 771 dietum
1122 712 1267 772 castrum

129 817 163 876 et
181 819 304 879 terram
321 835 395 880 cum
411 814 561 880 omnibus
578 812 712 895 iuribus,
729 811 910 880 honoribus
927 821 960 880 et
981 811 1264 881 iurisdictionibus

128 918 221 987 dioto
245 917 367 988 Castro
393 921 690 1006 quomodocumque
717 922 941 1007 spectantibus
954 942 1014 1006 pro
1046 919 1133 988 dicto
1149 922 1260 1006 precio

118 1027 284 1094 ’librarum
300 1026 337 1094 X
352 1029 451 1112 mille,
467 1034 620 1113 utsupra
635 1029 758 1096 dietum
774 1035 834 1096 cst.
863 1028 909 1096 Et
922 1034 962 1118 Ιιι1
976 1027 1101 1096 sactum
1116 1051 1175 1114 per
1190 1029 1255 1099 dio

124 1144 199 1203 tum
216 1138 347 1203 modum
364 1138 472 1204 valeat
488 1138 642 1222 compleri
653 1139 722 1203 sine
741 1137 909 1221 dilatione,
927 1139 1003 1221 quia
1017 1136 1159 1204 forsitan
1175 1139 1258 1222 peri-

27 1276 32 1285 ·
124 1245 236 1310 culum
247 1252 297 1310 est
308 1245 340 1309 in
351 1265 452 1324 mora,
470 1245 577 1310 dictus
588 1245 749 1313 Notarius
766 1243 1135 1328 portatsecumlitteras
1144 1244 1258 1312 Domi-

33 1358 39 1375 '
121 1353 168 1418 nii
188 1352 392 1419 credulitatis
409 1350 532 1420 Comiti
549 1353 731 1436 Maladin0‚
748 1352 839 1436 quod
854 1354 913 1436 his,
930 1373 993 1436 que
1011 1351 1129 1420 Comes
1146 1352 1253 1420 Soibe

119 1462 187 1528 nici
203 1460 266 1528 sibi
283 1461 404 1528 dixerit
419 1467 512 1546 parte
527 1468 650 1544 nostra,
665 1468 698 1528 et
715 1481 788 1528 cum
803 1462 875 1545 ipso
885 1463 1078 1528 tractaverit
1093 1467 1126 1527 et
1140 1461 1255 1528 feeerit

119 1571 155 1634 in
172 1569 338 1654 predictis,
355 1568 474 1637 debeat
497 1570 596 1638 fidem
621 1570 788 1636 credulam
814 1568 982 1650 adhibere,
1007 1575 1040 1635 et
1055 1569 1178 1634 habere
1193 1590 1253 1653 pro

117 1677 223 1759 firmo,
239 1683 339 1761 prout
353 1700 373 1743 a
390 1679 483 1744 nobis
499 1679 633 1762 proprio
651 1679 774 1744 factum
789 1677 883 1744 foret.
902 1675 937 1742 Si
953 1683 1061 1744 autern
1077 1677 1250 1756 accideret,
1372 1763 1375 1769 Ι

40 1809 43 1818 ’
114 1786 205 1870 quod
221 1787 256 1854 in
272 1784 383 1870 aliquo
409 1786 449 1852 de
473 1785 631 1871 predictis
656 1785 705 1851 illi
734 1786 775 1851 de
792 1783 986 1851 Soibenicho
1004 1806 1068 1850 non
1085 1785 1250 1850 contentai

111 1898 239 1974 rentur,
255 1895 305 1959 vel
322 1894 368 1962 eis
393 1893 484 1961 aliud
510 1895 688 1974 videretur,
706 1893 812 1959 dictus
842 1890 959 1959 Comes
985 1891 1168 1960 Scibenichi
1199 1893 1246 1959 in-

113 2003 228 2086 quirat
252 2007 286 2067 et
310 2002 496 2086 persenciat
519 2002 721 2068 voluntatem
746 2001 907 2067 dictorum
939 2000 979 2066 de
996 1997 1199 2082 Scibenicho,
1215 2007 1249 2066 et

110 2109 284 2190 rescribat,
301 2109 455 2194 quioquid
471 2109 633 2189 habuerit,
660 2113 852 2192 expectante
869 2107 955 2174 dicto
972 2107 1112 2175 Notario
1129 2108 1174 2175 ibi
1190 2129 1245 2173 no-

111 2225 221 2284 strum
235 2217 425 2284 mandatum
439 2243 446 2300 3
463 2218 513 2283 vel
529 2220 556 2281 si
572 2217 693 2298 forsan,
710 2216 972 2283 eontentantibus
996 2215 1062 2280 illis
1078 2215 1118 2281 de
1136 2214 1246 2283 Solba-

109 2323 211 2390 01010
227 2325 268 2391 10
285 2325 434 2391 omnibus
465 2325 675 2409 supradictis,
708 2323 825 2390 Comes
855 2322 1024 2392 Mladinus
1057 2324 1146 2390 nolet
1164 2324 1245 2391 dare

2 2472 3 2475 =
108 2432 237 2499 dictum
251 2433 405 2499 Castrum
422 2454 482 2517 pro
500 2433 608 2517 precio
635 2433 833 2533 supradicto,
849 2432 900 2498 vel
924 2431 1012 2516 quod
1028 2431 1095 2498 alia
1110 2439 1244 2516 peteret,

1 2612 2 2617 γ
108 2541 273 2608 rescribat
288 2540 381 2607 nobis
398 2541 549 2608 similiter
566 2548 599 2607 01
615 2542 751 2626 solicite,
769 2541 925 2627 quicquid
941 2540 1101 2622 habuerit,
1119 2548 1244 2608 etcum

2 2697 6 2702 -
106 2652 183 2733 ipso
199 2649 305 2715 facere
321 2652 454 2736 poterit,
464 2657 652 2736 expectante
669 2650 756 2716 11010
773 2651 915 2718 Notario
930 2651 976 2716 ibi
986 2657 1134 2716 nostrum
1151 2670 1240 2715 man·

0 2847 1 2850 ¹
106 2757 235 2840 datum,
258 2763 296 2823 ut
311 2761 459 2845 superius
475 2759 597 2826 dictum
613 2765 670 2825 est.

219 2919 255 2980 (Δ
270 2921 381 2970 ›Mitti‹
396 2923 488 2972 czimd
501 2921 641 2975 velenczoi
654 2921 880 2986 allamlrdnyvbdl
903 2921 977 2970 XIX.
992 2919 1050 2970 tot.
1066 2925 1159 2972 8100.
1174 2923 1238 2984 lev.)

635 3301 707 3364 384.

98 3457 132 3524 A
144 3457 301 3522 veleaczei
310 3459 654 3547 kerardoytaoa'eauok
665 3484 859 3548 uyyaaoaou
869 3468 969 3546 ltpyre
982 3459 1153 3528 uoootlcozd
1167 3465 1239 3525 mdo

509 3570 717 3636 leoto'rozota.
741 3570 838 3636 1340.

210 3723 309 3791 Anno
348 3725 482 3792 Domini
524 3725 729 3797 MCCOXL.
773 3729 825 3795 die
858 3729 1000 3796 secundo
1031 3727 1236 3797 Decembris·

95 3831 264 3918 Capta:
291 3831 388 3917 Quod
413 3836 612 3902 rescribatur
638 3835 762 3903 Comiti
779 3835 932 3917 Sibenici,
947 3837 1044 3919 quod,
1060 3836 1234 3905 intellectis

93 3941 221 4008 litteris
258 3943 334 4024 suis,
361 3949 394 4008 01
417 3944 512 4010 nobis
536 3945 674 4010 multum
704 3945 835 4012 videtur
860 3950 1050 4012 extraneum
1076 3947 1116 4013 de
1142 3949 1234 4034 requi

93 4049 273 4117 sitionibus
292 4049 387 4117 lactis
413 4073 472 4135 per
498 4049 660 4119 Comitem
675 4053 883 4122 Maledinum
899 4053 932 4120 in
949 4054 1037 4120 10010
1055 4053 1233 4141 Scardona,

93 4164 130 4224 et
157 4156 315 4241 quodid,
340 4159 429 4244 quod
470 4161 747 4246 ordinaveramus,
771 4163 1038 4230 ordinaveramus
1054 4185 1115 4246 pro
1144 4175 1234 4234 certo

90 4265 194 4333 modo
226 4269 413 4334 nostrornm
443 4269 588 4337 fidelium
619 4269 660 4337 10
692 4269 850 4354 Sibenico,
882 4278 1050 4355 tamquam
1080 4281 1233 4360 optantes

91 4397 209 4443 eorum
220 4376 422 4442 commodum
440 4385 472 4444 et
496 4377 616 4445 bonum
633 4379 667 4445 in
687 4379 774 4446 omni
790 4401 877 4446 casu.
894 4379 959 4448 Sed
974 4385 1118 4453 videntes
1134 4406 1230 4455 anor·
1280 4425 1284 4434 2

90 4505 163 4552 mea
189 4485 419 4570 requisitiones
443 4485 618 4570 predictas,
642 4486 788 4555 volumus
815 4492 850 4556 01
870 4489 1116 4578 eimandamus,
1132 4501 1229 4585 quod,
