3170 5234
337 352 401 413 246
687 367 917 414 6166666666(
946 353 1112 412 auctuum

339 534 373 593 et
388 527 471 592 61611
489 524 709 611 1616116616
735 529 858 594 1616616
885 532 1031 608 quatuor.
1057 525 1142 592 Item
1174 523 1457 609 616116161661166

337 634 490 702 Johanue
506 634 547 700 de
564 632 688 736 Aquila
703 656 841 720 yconam
857 656 953 700 unam
978 633 1075 700 Beati
1100 632 1230 701 Nicolai
1246 632 1406 698 munitam
1422 632 1459 697 dc

338 748 479 829 argento
497 743 688 808 deauratam
704 763 777 808 cum
808 742 974 826 aliquibus
990 740 1154 825 lapidibus
1178 746 1211 805 ct
1226 740 1338 823 perlis,
1354 740 1461 804 cultel-

338 851 387 915 los
413 855 554 933 quatuor
574 850 607 914 iu
632 869 699 913 una
715 850 833 932 166166
858 869 930 915 6616
947 847 1083 914 manicis
1100 847 1140 912 16
1155 867 1228 913 6666
1245 853 1279 912 61
1294 847 1409 914 1116116
1425 848 1462 912 16

344 963 484 1040 6166616
508 979 568 1040 616
592 957 695 1023 unciis
729 958 834 1024 tribus
859 956 982 1022 tarenis
1007 961 1131 1039 6661616
1157 961 1190 1020 61
1214 955 1326 1038 616616
1346 954 1463 1020 166661·

341 1065 427 1130 11661
451 1063 581 1147 6161616
607 1063 754 1130 Jobauni
764 1064 884 1130 Pineto
900 1064 941 1130 de
957 1062 1100 1147 Neapoli
1116 1064 1226 1129 166166
1242 1063 1354 1128 dacem
1371 1067 1404 1127 61
1419 1068 1465 1126 ta·

343 1190 439 1238 16666
464 1171 579 1254 viginti
604 1176 678 1238 octo
704 1173 739 1236 in
763 1172 907 1256 pondere
932 1171 973 1235 de
999 1171 1100 1255 perlis
1124 1170 1257 1236 minutis
1276 1175 1466 1253 computata

342 1285 418 1344 tara
428 1299 488 1362 pro
503 1279 606 1344 166116
623 1285 697 1345 6616
713 1280 837 1344 1616616
854 1283 927 1344 6616
943 1279 1055 1362 616616
1071 1282 1195 1362 septem
1205 1285 1238 1344 et
1252 1276 1369 1344 medio.
1385 1275 1470 1342 Item

344 1387 576 1454 Bartholomec
601 1388 775 1453 mercatori
800 1407 929 1452 6666661
953 1386 1086 1469 plenum
1106 1385 1469 1466 16666161166666666

344 1500 470 1579 septem
493 1494 607 1577 plenos
631 1494 744 1576 pluma
768 1514 884 1577 grossa
899 1513 959 1577 pro
979 1489 1469 1576 1661666611661Ρ1111166616

346 1600 501 1667 familiari
528 1601 608 1667 dicti
623 1601 745 1667 (1661161
760 1600 864 1666 Ducis
880 1608 1032 1685 carpetas
1055 1599 1138 1666 duas
1154 1599 1194 1664 de
1209 1619 1319 1683 66666
1334 1599 1472 1664 bruneto

349 1729 480 1775 corroso
497 1731 518 1775 a
537 1709 923 1792 161611116616161616166
940 1709 1079 1776 cendato
1095 1709 1189 1794 6616,
1206 1729 1268 1792 que
1284 1707 1419 1774 fuerunt
1434 1706 1472 1772 16

346 1816 486 1882 16616116
512 1816 597 1883 dicte
622 1818 753 1884 1616166
776 1817 912 1902 1166166,
932 1839 993 1901 666
1008 1817 1133 1883 1616616
1150 1817 1301 1900 quinque.
1316 1813 1473 1880 1161616-

347 1924 450 1990 harmi
475 1923 515 1989 de
540 1923 661 1991 Sancto
688 1923 852 1991 Germano
891 1923 1091 1990 amulricum
1109 1944 1281 2006 16616616
1297 1921 1473 1988 munitione

346 2031 439 2098 vuius
464 2031 606 2114 casubla,
629 2030 773 2098 frontale
799 2032 839 2098 de
858 2031 1020 2098 661611166
1038 2053 1098 2116 616
1115 2031 1222 2110 611611,
1237 2029 1350 2094 florias
1365 2029 1407 2094 de
1422 2049 1474 2092 au·

347 2137 466 2204 6611166
485 2159 545 2223 616
565 2137 650 2220 alba,
667 2145 700 2205 61
715 2139 875 2223 pectorali
889 2160 949 2224 pro
966 2139 1108 2206 casubla.
1126 2137 1309 2204 Oollarium
1323 2158 1422 2201 vnum
1438 2135 1475 2200 16

350 2246 521 2330 6611111166,
549 2247 762 2312 munitionem
790 2269 887 2312 16616
911 2268 970 2330 666
996 2248 1156 2330 pectorali
1182 2245 1331 2310 (166616
1357 2247 1475 2324 116666,

348 2354 457 2438 pecias
475 2353 556 2420 duas
572 2353 612 2419 de
627 2353 790 2420 aurufriso
806 2377 867 2438 616
884 2353 1029 2439 casubla,
1044 2353 1162 2419 retalia
1177 2373 1233 2417 sex
1249 2353 1289 2418 de
1305 2351 1476 2428 aurusriso,

349 2459 491 2526 frontale
516 2482 612 2525 16661
638 2482 698 2544 616
714 2462 813 2527 altari
830 2461 870 2528 de
886 2461 1058 2544 661611166,
1073 2461 1192 2526 6616116
1209 2467 1350 2543 quatuor
1367 2458 1409 2523 de
1423 2479 1475 2524 au-

350 2567 472 2633 rufiiso
489 2568 605 2634 stricta
621 2590 681 2652 pro
697 2570 798 2636 166116
813 2575 896 2636 6616.
912 2571 998 2636 11661
1014 2569 1162 2654 61611616
1178 2567 1379 2652 Raymundo
1396 2566 1477 2632 uhe-

350 2677 500 2742 saurario
511 2678 671 2744 scriueum
681 2700 777 2746 vnum
793 2701 931 2762 paruum
949 2681 989 2745 de
1011 2679 1146 2762 johccta
1161 2679 1323 2743 munitum
1339 2678 1382 2743 de
1400 2696 1477 2744 auro

350 2803 424 2878 6661
449 2804 524 2850 6666
539 2790 573 2850 61
591 2785 677 2850 61661
703 2785 929 2852 (1666166661
953 2786 1054 2869 perlis
1079 2794 1113 2850 et
1138 2785 1212 2851 aliie
1237 2783 1406 2868 lapidibus
1421 2805 1478 2866 pro

350 2891 454 2956 unciis
478 2892 597 2960 decem.
623 2891 793 2960 Scrineum
818 2915 916 2959 66616
931 2891 1068 2959 rubeum
1094 2894 1257 2959 munitum
1273 2891 1314 2956 de
1331 2897 1479 2984 argento,

352 3000 565 3081 ysmaltatum
590 3002 634 3067 ad
659 3022 751 3066 arma
778 3001 899 3068 (1616161
923 3000 1027 3086 Regis
1051 3007 1085 3066 61
1110 3000 1240 3068 domine
1259 3000 1390 3082 Regina
1410 3020 1480 3065 cum

352 3103 435 3172 clari
460 3113 494 3172 ct
517 3128 590 3172 sera
605 3105 646 3172 de
662 3113 799 3190 argento
816 3128 876 3192 pro
892 3107 994 3174 unciis
1012 3107 1209 3190 quindecim.
1225 3105 1397 3172 Scrineum
1412 3127 1482 3190 par-

351 3232 429 3276 uum
454 3213 494 3277 de
518 3212 615 3279 ebore
649 3213 807 3280 munitum
838 3212 878 3279 de
906 3222 1051 3297 argento,
1076 3235 1136 3296 pro
1152 3214 1278 3278 tarenis
1295 3212 1481 3278 octodecim.

352 3317 628 3403 Appenditorium
652 3341 751 3385 66661
778 3319 818 3384 16
835 3340 916 3386 6616
942 3341 1015 3386 6661
1034 3318 1135 3404 perlis
1151 3325 1183 3385 61
1198 3339 1266 3384 una
1281 3325 1434 3401 6166616,
1450 3318 1483 3382 16

353 3446 418 3508 quo
434 3430 485 3491 est
499 3426 653 3492 camuclis
670 3448 752 3492 unus
769 3445 841 3492 cum
856 3425 961 3510 116616
972 3427 1101 3510 666611,
1125 3427 1268 3492 alterum
1294 3426 1483 3509 appendite-

352 3532 436 3598 rium
453 3532 494 3599 de
510 3554 591 3599 6616
608 3556 680 3600 6661
705 3533 857 3600 crucifixo
873 3556 932 3623 pro
958 3534 1059 3599 unciis
1085 3541 1235 3619 quatuor.
1261 3533 1483 3600 Bossidellam

353 3660 449 3706 16661
464 3639 504 3706 (16
521 3641 700 3708 calcidonio
716 3649 748 3708 61
772 3642 932 3727 dyauicho
957 3644 1117 3709 munitam
1142 3643 1183 3708 de
1209 3664 1368 3726 6616616
1385 3642 1489 3708 166116.

354 3754 503 3832 quatuor.
519 3748 648 3816 Anulos
664 3751 744 3817 (1666
761 3751 801 3815 16
817 3771 898 3817 6616
915 3772 988 3817 6616
1004 3751 1131 3817 duobus
1146 3750 1314 3834 lapidibus
1330 3750 1485 3834 dyaman·

355 3857 397 3923 tis
414 3877 476 3942 pro
492 3858 594 3924 166116
610 3866 693 3925 6616.
709 3860 898 3927 (lamuelem
928 3881 1026 3925 vnum
1042 3859 1204 3926 inclusum
1219 3879 1292 3922 cum
1311 3858 1485 3924 smaraldis

354 3967 443 4032 intus
467 3987 526 4050 pro
542 3968 643 4034 166116
658 3967 773 4034 tribus.
789 3966 941 4034 Yconam
956 3989 1095 4051 paruam
1112 3966 1152 4033 dc
1168 3988 1258 4050 auro,
1281 3967 1371 4032 intus
1390 3987 1486 4048 quam

355 4079 405 4138 661
419 4074 602 4141 crucifissus
618 4074 659 4139 de
675 4077 817 4141 camucle
834 4098 907 4142 cum
938 4096 1041 4141 excua
1067 4075 1182 4141 suade
1199 4079 1338 4157 argento
1354 4096 1419 4157 pro
1436 4096 1487 4139 16·

356 4182 414 4246 6116
432 4184 581 4267 quinque.
598 4183 793 4249 Flaseonem
824 4203 965 4267 paruum
997 4183 1038 4248 de
1069 4189 1207 4267 6166616
1238 4183 1440 4248 1666161616
1455 4182 1486 4246 16

355 4296 525 4374 66116616
541 4291 634 4357 16616
650 4312 714 4356 166
730 4298 763 4355 61
799 4291 921 4356 1616616
948 4290 1141 4375 quindecim.
1166 4289 1306 4355 Pomum
1331 4310 1433 4354 vuum
1449 4287 1487 4354 de

355 4395 470 4460 ambra
485 4400 644 4463 munitum
676 4397 717 4462 de
733 4420 813 4464 auro
845 4421 919 4464 cum
944 4400 1045 4482 perlis
1075 4405 1109 4464 61
1124 4398 1295 4481 lapidibus
1311 4418 1374 4480 pro
1390 4396 1489 4462 vnclis

356 4507 506 4591 quinque.
522 4507 645 4574 Aczuri
660 4508 866 4574 ultramarini
881 4509 1049 4574 unciarum
1059 4507 1203 4592 quinque
1215 4508 1251 4571 in
1265 4505 1416 4590 pondere
1432 4525 1488 4588 pro
