3244 5236
407 352 471 411 370
762 365 993 410 urenonnczmr
1013 353 1180 414 susurras.

404 524 515 608 Quare
532 530 660 588 nonest
677 524 821 608 dubium,
846 526 933 608 ipsos
949 524 1054 589 dictas
1080 525 1444 590 excommunicacionum
1458 543 1515 586 sen·

404 633 530 698 tencias
545 631 705 696 incidisse.
721 631 805 696 Esto
831 637 990 715 preterea,
1007 633 1075 697 sine
1100 632 1281 717 preiudicio
1307 639 1414 697 tamen
1429 630 1516 696 dorni·

405 761 520 805 norum
537 759 691 818 meorum,
708 738 797 820 quod
823 760 886 803 non
913 738 1119 806 obstantibus
1135 739 1320 805 rosionibus
1335 734 1516 821 supradictis

404 847 474 930 ipse
490 846 730 912 commissiones
746 851 855 912 essent
871 847 998 930 alique3
1015 843 1124 912 adhuc
1139 849 1220 928 dico,
1237 847 1324 931 quod
1339 868 1395 911 vos
1411 843 1518 908 domini

407 953 598 1035 supradicti,
613 975 676 1018 non
694 953 819 1020 debetis
851 955 893 1019 ad
911 975 1023 1020 earum
1039 956 1290 1038 exequucionem
1307 953 1475 1038 procedere
1489 971 1520 1014 ex

407 1062 513 1124 causis
538 1067 570 1124 et
594 1061 779 1128 nacionibus
805 1083 867 1143 que
893 1070 1082 1146 sequuntur.
1107 1061 1193 1146 Quia
1222 1063 1300 1127 licet
1329 1061 1481 1127 dissensio
1496 1065 1522 1120 et

407 1167 629 1234 controversia
644 1170 729 1234 inter
745 1169 868 1234 dictum
900 1169 1026 1253 Regem
1043 1171 1179 1237 Polonie
1196 1177 1229 1236 et
1244 1167 1522 1252 Archiepiscopum

409 1275 633 1342 Gneznensem
666 1297 704 1340 ac
736 1275 885 1341 subditos
917 1299 1028 1343 eorum
1058 1279 1182 1344 incolas
1208 1277 1317 1360 Regni
1343 1274 1477 1340 Polonie
1491 1293 1522 1336 er

411 1404 494 1464 una;
511 1383 723 1467 dominosque
740 1405 828 1450 meos
853 1385 1052 1467 Magistrum
1078 1391 1112 1452 et
1137 1385 1256 1451 fratres
1274 1383 1409 1451 Ordinis
1425 1401 1523 1464 supra-

409 1489 488 1555 dicti
505 1497 598 1574 parte
615 1513 655 1556 ex
670 1491 779 1558 altera
795 1492 1000 1578 aliquamdiu
1025 1495 1191 1574 durasset;
1216 1497 1331 1577 postea
1354 1497 1460 1556 tamen
1474 1509 1521 1571 per

409 1595 606 1680 Magnificos
620 1599 793 1683 Principes
811 1600 959 1668 dominos
985 1601 1148 1668 Karolum
1171 1599 1318 1685 Vngarie
1349 1604 1382 1663 et
1412 1595 1521 1660 Johan·

409 1727 482 1770 nem
499 1707 657 1772 Bohemie
674 1707 791 1791 Reges,
806 1729 899 1774 veros
916 1717 948 1774 et
964 1710 1143 1796 legittimos
1169 1709 1312 1774 eiusdem
1327 1703 1522 1772 dissensionis

410 1813 552 1880 arbitros
570 1821 602 1879 et
619 1816 808 1882 amicabiles
824 1819 1058 1901 compositores
1074 1817 1195 1882 adhoc
1214 1817 1335 1882 electos
1351 1836 1372 1879 a
1387 1811 1523 1898 partibus

413 1941 509 2005 super
528 1923 676 1989 omnibus
693 1924 955 2008 dissensionibus
972 1925 1212 2006 controversiis,
1235 1923 1383 2007 dampnis
1407 1929 1437 1984 et
1451 1919 1524 1982 iniu-

412 2029 469 2094 riis
485 2030 636 2095 hincinde
651 2038 799 2115 tcmpore
824 2053 1014 2114 guerrarmn
1040 2034 1150 2115 illatis,
1163 2031 1330 2098 ordinacio
1345 2030 1444 2114 pacis,
1459 2047 1526 2091 con-

412 2139 530 2218 cordie,
547 2140 748 2204 remissionis
764 2147 798 2205 et
822 2142 895 2205 finis
920 2140 1010 2207 iacta
1025 2140 1096 2206 init.
1113 2142 1226 2207 Primo
1244 2141 1278 2205 in
1293 2141 1409 2221 Regno
1425 2136 1525 2216 Vnga-

411 2246 468 2324 rie,
499 2251 532 2309 et
562 2247 769 2328 postmodum
794 2245 959 2314 mediante
990 2250 1055 2314 iam
1087 2248 1175 2314 dicto
1206 2247 1297 2331 Rege
1325 2243 1477 2311 Bohemie
1496 2243 1525 2306 in

412 2351 528 2436 Regno
545 2352 684 2418 Polonie
700 2355 854 2420 innovata
871 2363 904 2421 et
920 2362 1112 2422 consumata
1136 2356 1207 2422 luit.
1239 2356 1286 2421 Elt
1302 2355 1434 2437 insuper
1449 2353 1526 2416 iurn-

412 2460 538 2543 mentis,
555 2481 613 2542 per
643 2460 790 2543 prefatos
821 2463 948 2546 Regem
979 2463 1117 2528 Polonic
1144 2462 1265 2528 scilicet
1281 2469 1314 2528 et
1339 2460 1527 2545 Magistrum

413 2567 629 2650 corporaliter
654 2572 800 2652 prestitis
827 2572 984 2652 solidata3
1011 2573 1067 2638 ubi
1093 2573 1244 2638 domiuus
1261 2568 1528 2654 Archiepiscopus

414 2675 616 2742 Gneznensis
633 2701 693 2761 pro
711 2701 743 2744 se
760 2686 793 2745 et
809 2681 881 2747 aliis
898 2683 960 2747 sibi
977 2681 1194 2766 Metropolico
1210 2684 1282 2747 iure
1299 2680 1452 2746 subiectis
1466 2697 1529 2759 pre·

412 2805 485 2848 sens
510 2784 581 2866 fuit,
607 2793 640 2850 et
666 2787 910 2855 ordinacionem
936 2787 1059 2854 factam
1083 2790 1241 2872 laudavit,
1257 2791 1391 2872 eiusque
1409 2788 1529 2850 innova·

414 2893 547 2968 cionem,
564 2897 843 2961 cornumacionem
870 2919 907 2962 ac
943 2899 1167 2963 remissionem
1192 2897 1412 2962 omnimodam
1437 2891 1531 2958 suasit
1601 2921 1602 2974 4

414 2996 483 3063 lieri
510 2999 653 3081 fatisque
679 3008 854 3084 consensit,
882 3027 920 3068 ac
945 3011 1077 3087 pactum
1096 3006 1136 3071 de
1161 3028 1225 3070 non
1243 3004 1383 3089 petendo
1401 3001 1489 3080 lecit,
1504 3007 1531 3062 et

413 3127 562 3189 expirasse
595 3110 681 3172 omni
714 3112 836 3176 accioni
861 3119 893 3176 ot
918 3114 1119 3196 impoticioui
1144 3115 1206 3178 sibi
1231 3135 1328 3196 super
1345 3113 1490 3196 dampnis
1505 3117 1533 3174 et
1601 3179 1602 3192 ,

414 3215 540 3278 iniuriis
559 3221 817 3299 competentibus
843 3223 1055 3304 renunciavit,
1071 3229 1105 3287 et
1130 3222 1257 3287 litteras
1283 3219 1534 3286 renunciacionis

413 3321 598 3388 huiusmodi
615 3323 694 3388 dare
712 3327 869 3406 promisit,
887 3350 968 3411 quas
985 3331 1085 3394 eciam
1103 3330 1188 3394 idem
1206 3330 1355 3395 dominus
1370 3326 1534 3410 Archiepi-

414 3447 532 3510 scopus
549 3451 583 3493 se
600 3431 727 3498 dedisse
745 3432 874 3498 domino
901 3435 985 3519 Regi
1010 3436 1150 3504 Polonie
1176 3437 1274 3502 dictis
1291 3436 1453 3502 fratribus
1470 3455 1533 3518 pre-

415 3537 594 3603 sentandas
610 3541 817 3622 postmodum
841 3543 970 3626 publice
994 3546 1099 3613 fassus
1115 3544 1197 3626 fuit,
1229 3553 1260 3610 et
1288 3567 1386 3629 super
1412 3544 1536 3628 premis·

416 3645 460 3708 sis
494 3647 642 3711 omnibus
669 3648 902 3715 inviolabiliter
938 3653 1149 3720 observandis
1175 3655 1263 3720 idem
1296 3655 1447 3718 dominus
1480 3651 1534 3720 Ar·

415 3751 641 3836 chiepiscopus
683 3777 814 3822 manum
861 3781 952 3824 suam
994 3761 1027 3824 in
1068 3763 1195 3846 signum
1236 3762 1313 3827 fidei
1352 3761 1442 3826 iuxta
1482 3782 1537 3826 nro·

412 3879 480 3922 rem
513 3862 618 3941 patrie
650 3861 742 3927 dedit
772 3865 934 3948 Magistro
963 3875 995 3932 et
1010 3869 1186 3950 lratribus3
1203 3869 1249 3934 ibi
1265 3871 1368 3935 eciam
1397 3870 1537 3934 domiuus

412 3965 602 4031 Kazimirns
619 3967 690 4032 Rex
707 3969 844 4036 Polonie
861 3975 1045 4058 sepedictus
1070 3977 1168 4041 terris
1201 3977 1377 4060 (lulnrnnsi,
1393 3975 1538 4041 Pomera·

412 4075 464 4137 nie
495 4079 528 4138 et
562 4073 765 4157 Michelorio,
781 4101 820 4143 ac
845 4082 916 4162 iuri,
941 4085 967 4145 si
995 4084 1081 4166 quod
1110 4105 1209 4167 super·
1234 4085 1353 4148 eisdem
1371 4087 1471 4149 terris
1487 4083 1537 4148 sibi

413 4187 621 4263 competeret,
637 4191 735 4265 prout
752 4186 820 4268 ipse
837 4189 922 4253 idern
941 4191 972 4253 in
999 4189 1151 4272 Vngaria
1182 4213 1293 4255 coram
1310 4191 1408 4256 (lictis
1424 4191 1539 4256 Prinei·
1601 4211 1602 4214 ’

414 4287 508 4369 pibus
524 4287 669 4367 Vngarie
686 4299 720 4356 et
735 4291 893 4359 Bohemie
921 4297 1070 4376 Regibus
1087 4301 1178 4382 prius
1196 4299 1328 4381 lecerat,
1346 4323 1498 4383 expresse
1512 4312 1538 4364 et
1601 4315 1602 4318 ’

414 4395 446 4455 in
465 4399 567 4458 toturn
585 4400 794 4478 renunciavit,
820 4405 917 4467 niclril
936 4406 1018 4468 iuris
1036 4412 1093 4470 aut
1110 4407 1244 4471 dominii
1262 4407 1294 4470 in
1313 4409 1437 4472 eisdem
1456 4409 1538 4474 terris

415 4500 476 4566 sibi
509 4508 567 4566 aut
599 4507 665 4568 suis
698 4511 934 4576 successoribus
967 4515 1144 4579 retinendo.
1170 4513 1382 4598 Approbarit
1400 4519 1540 4584 eciamet
1600 4531 1602 4586 t
