3174 5236
431 374 495 438 106
784 398 1021 446 nmnounczmt
1037 388 1203 449 aucturis.

428 557 542 634 septen
559 552 680 619 faceret
696 554 873 639 dampnum
889 558 1031 643 aliquod,
1053 567 1204 628 teneatur·
1230 563 1417 632 satisfecere
1432 566 1545 647 dictum

426 659 602 742 dampnum
617 661 652 725 in
667 661 813 729 terminis
831 667 1070 751 suprascriptis,
1086 674 1158 736 tam
1172 669 1199 734 si
1223 669 1346 754 liguum
1364 673 1493 741 rediret
1504 671 1546 738 nd

427 767 499 834 loca
514 759 662 852 predicta
677 791 775 853 quam
806 794 880 852 non,
896 780 930 839 et
946 775 1113 846 satisfacto
1139 777 1281 863 dampno
1306 801 1371 847 non
1397 785 1545 847 teneatur.

428 878 568 964 Insuper
593 879 757 963 predictus
781 879 929 948 dominus
955 880 1120 969 Georgius
1145 883 1264 953 Oomes
1289 909 1349 972 per
1367 909 1404 954 se
1432 893 1547 956 etsuos

430 985 583 1065 homines,
607 993 641 1054 et
663 991 794 1055 nomine
819 988 982 1059 hominum
1008 1000 1041 1058 et
1066 992 1257 1062 Communis
1271 993 1462 1075 Atarnites
1476 1014 1540 1082 pre·

429 1095 554 1162 dictum
585 1099 643 1174 est,
674 1096 796 1162 iurauit
827 1097 869 1162 ad
886 1096 1009 1166 Sancta
1039 1098 1104 1166 Dei
1129 1101 1318 1186 Euangelia
1335 1100 1546 1190 corporaliter

430 1208 519 1270 tacto
535 1203 618 1271 libro
634 1205 667 1270 in
683 1204 826 1270 animam
841 1228 940 1287 suam,
956 1215 989 1274 et
1004 1211 1371 1291 suorumhominumec
1386 1211 1546 1278 hominum

430 1307 565 1378 Almisii
575 1312 807 1396 predictorum,
822 1315 993 1381 attendere
1008 1323 1042 1382 et
1060 1317 1234 1384 obseruare
1259 1323 1292 1385 ct
1308 1316 1498 1401 adimplere,
1520 1323 1549 1384 et

431 1419 556 1486 attendi
575 1426 610 1487 et
628 1421 800 1505 adimpleri
820 1421 927 1489 facere
946 1425 1055 1491 omnia
1073 1433 1107 1492 et
1121 1427 1251 1510 singula
1262 1448 1363 1512 supra
1377 1425 1506 1510 scripte,
1520 1431 1548 1490 et

435 1529 582 1614 quelibet
593 1553 714 1614 eornm,
735 1539 768 1597 et
778 1555 842 1598 non
853 1535 1075 1602 contrafacere
1097 1538 1266 1604 velvenirc
1282 1535 1547 1621 contraprcdicte

435 1638 485 1703 vel
502 1637 636 1722 aliquod
650 1639 871 1723 predictorum
892 1664 952 1726 per
968 1665 1012 1726 se,
1028 1645 1080 1710 vel
1095 1645 1196 1710 alium
1213 1645 1364 1712 seuclios
1380 1645 1492 1727 aliqua
1505 1662 1551 1706 re·

433 1745 532 1824 tione,
557 1743 696 1829 ingenio,
721 1747 790 1813 siue
815 1770 922 1831 causa,
937 1751 996 1816 sub
1013 1773 1097 1835 pena
1112 1751 1271 1820 librarum
1287 1752 1403 1836 viginti
1423 1749 1551 1818 millium

435 1851 643 1920 denariorum
658 1850 859 1922 Venetorum
884 1880 1061 1941 pannorum
1086 1861 1244 1945 solempni
1259 1861 1472 1945 stipulatione
1486 1877 1550 1941 pre

433 1959 541 2026 missa
569 1959 678 2029 Versa
706 1962 773 2029 vice
799 1965 965 2047 predictus
1000 1966 1147 2036 dominus
1171 1968 1333 2052 Rogerius
1358 1966 1549 2034 Mauroceno

434 2063 551 2136 Comes
575 2069 679 2138 Jadre
703 2073 830 2140 nomine
863 2078 897 2138 ct
929 2075 997 2139 vice
1027 2073 1104 2142 dicti
1134 2075 1257 2141 domini
1281 2074 1395 2155 Ducis,
1410 2071 1550 2140 Commu·

434 2179 486 2245 nis
520 2185 553 2244 et
592 2181 758 2247 homiuum
799 2180 1026 2264 Venetiarum,
1064 2181 1290 2248 habitatorum
1329 2185 1363 2246 et
1403 2179 1551 2246 subiecto

435 2308 518 2370 rum,
548 2287 691 2355 fidelium
723 2311 760 2355 ac
784 2277 1042 2354 districtualium
1067 2308 1208 2370 suorum,
1233 2289 1380 2368 nuntius,
1408 2284 1551 2370 syndicus

437 2398 472 2458 et
495 2403 690 2477 procurator
716 2397 867 2481 specialis
892 2397 1030 2462 illustris
1049 2396 1172 2463 domini
1188 2395 1283 2463 Petri
1298 2395 1480 2464 Gredonici
1494 2391 1551 2457 Dei

437 2501 545 2582 gratia
570 2501 794 2586 venetiarum,
817 2503 985 2568 Dalmatie
1010 2509 1110 2586 etque
1135 2501 1293 2570 Chroatie
1318 2502 1432 2583 Ducis,
1447 2509 1479 2568 et
1493 2498 1553 2566 Do

437 2607 517 2674 mini
542 2605 668 2692 Quarta
695 2611 805 2678 Partis
831 2617 865 2677 et
890 2609 1037 2676 Dimidie
1061 2609 1161 2675 totius
1185 2609 1321 2694 Imperii
1341 2609 1501 2676 Romanie
1516 2605 1552 2671 ad

439 2721 661 2804 suprascripta
686 2726 720 2785 ct
739 2719 949 2803 infrascripta
975 2717 1162 2802 specialiter
1186 2719 1396 2798 constitutus,
1412 2721 1449 2782 vt
1463 2711 1551 2784 conti·

438 2831 534 2892 netur
558 2827 592 2892 in
607 2830 828 2897 commissione
845 2828 926 2893 dicti
942 2827 1064 2893 domini
1080 2825 1192 2909 Ducis,
1208 2848 1285 2892 vera
1301 2833 1335 2892 et
1349 2826 1479 2908 integra
1492 2818 1552 2890 bul·

438 2936 473 3003 la
497 2935 649 3020 plumbea
672 2937 806 3020 pedenti
831 2934 911 3000 dicti
936 2934 1058 3000 domini
1085 2934 1187 3001 Ducis
1214 2934 1349 3016 bullata,
1367 2933 1456 3000 facta
1479 2945 1551 2995 anno

438 3043 680 3112 Incarnationis
708 3044 880 3110 Dominice
908 3042 1080 3108 millesimo
1108 3041 1331 3108 ducentesimo
1356 3036 1551 3122 nonagesimo

439 3151 549 3230 tertio,
572 3150 751 3218 indictione
776 3151 925 3233 septima,
948 3149 1000 3214 die
1025 3149 1193 3232 trigesimo
1219 3149 1338 3216 mensis
1364 3144 1551 3219 Decembris,

440 3279 461 3323 a
488 3279 540 3323 me
567 3256 715 3328 Antonio
742 3257 861 3324 Judice
885 3262 918 3323 et
944 3254 1084 3322 Notario
1112 3256 1323 3342 infrascripto
1349 3257 1420 3322 visa
1446 3259 1480 3322 et
1500 3252 1551 3315 lec

439 3370 484 3447 te,
509 3365 615 3448 iniuit,
639 3365 717 3432 fecit
735 3371 768 3431 et
792 3365 938 3431 firmauit
946 3385 1062 3447 puram
1082 3370 1115 3428 et
1132 3362 1260 3430 firmam
1274 3371 1449 3448 treuguam
1463 3375 1552 3442 usque

441 3470 619 3538 addacem
643 3493 745 3538 annos
770 3473 936 3557 proximos
960 3491 1046 3537 nunc
1069 3477 1221 3537 venturos
1246 3493 1319 3538 cum
1345 3468 1552 3555 suprascripto
1580 3537 1583 3558 ,

441 3579 571 3645 domino
597 3576 726 3645 Oomite
753 3575 898 3663 Georgio
923 3579 1105 3662 recipienti,
1129 3585 1163 3644 et
1187 3576 1358 3663 stipulanti
1375 3585 1445 3644 tam
1460 3595 1513 3642 suo
1526 3575 1553 3634 el

441 3707 576 3753 suorum
599 3687 739 3769 nomine,
766 3709 864 3770 quam
882 3687 1012 3753 nomine
1030 3685 1197 3753 hominum
1213 3693 1247 3752 ct
1259 3684 1446 3754 communis
1462 3677 1552 3750 Almi-

441 3794 491 3876 sii,
516 3794 720 3876 promittens,
743 3795 831 3877 quod
855 3793 1021 3877 predictus
1041 3792 1191 3858 dominus
1209 3794 1287 3860 Dux
1305 3815 1363 3878 per
1379 3815 1423 3874 sc,
1438 3812 1492 3858 sen
1504 3803 1552 3872 per

442 3899 632 3978 Commune,
649 3909 683 3967 et
698 3904 845 3968 homines
861 3900 1085 3981 Venetiarum,
1101 3901 1313 3984 habitatores,
1327 3900 1441 3966 fideles
1456 3903 1488 3964 et
1500 3891 1552 3960 dis

441 4009 620 4092 trictualeS,
645 4032 701 4074 scu
726 4009 874 4076 subditos
901 4031 975 4074 suos
1001 4029 1065 4073 non
1084 4006 1226 4074 offendet
1245 4029 1300 4074 seu
1316 4007 1437 4074 offendi
1461 4003 1552 4072 acet
1580 4045 1582 4060 ‹

442 4137 502 4182 nec
517 4116 636 4186 offendi
652 4119 821 4200 permittet
836 4120 871 4180 iu
886 4119 1034 4200 personis
1044 4117 1095 4181 vel
1104 4114 1201 4181 rebus
1211 4115 1395 4199 predictum
1405 4114 1551 4192 dominun

442 4220 602 4290 Comitem
620 4223 809 4308 Georgium,
825 4246 883 4288 nec
895 4221 1081 4303 Commune,
1092 4230 1127 4288 et
1142 4222 1288 4288 homiues
1298 4221 1433 4292 Almisii
1448 4221 1496 4286 sel
1508 4218 1551 4284 ho

439 4331 542 4398 mines
557 4353 621 4412 soe,
647 4331 839 4414 ubicumque
867 4335 1065 4409 existentes,
1093 4331 1151 4395 sed
1177 4351 1231 4396 ecs
1248 4353 1359 4396 omines
1376 4339 1409 4396 et
1426 4325 1551 4410 singulos

443 4437 477 4505 in
491 4441 638 4520 personis
654 4443 686 4501 et
712 4439 815 4516 rebus,
842 4446 911 4502 tam
943 4439 975 4502 in
1006 4439 1099 4517 inari,
1125 4459 1222 4520 quam
1254 4439 1287 4502 in
1318 4443 1408 4502 terra
1439 4429 1550 4502 Almisii

443 4543 578 4613 habebit
594 4546 702 4614 saluos
720 4551 752 4612 et
768 4567 906 4612 securos.
923 4546 969 4612 Et
995 4547 1028 4614 iu
1060 4566 1175 4614 eorum
1201 4545 1307 4628 tidem,
1323 4551 1357 4612 et
1373 4541 1550 4611 euidentiam
