3174 5236
403 337 466 410 146
782 354 1018 402 nuruousczmr
1033 338 1202 400 nunnunn.

402 515 465 580 sibi
482 514 570 581 bona
584 515 648 579 fide
659 514 857 597 presentium
868 519 981 578 tenore
991 515 1223 600 promistimus,
1240 515 1328 595 quod
1338 536 1376 578 eo
1387 509 1512 580 ueniente

400 621 443 686 ad
467 629 578 706 partes
603 624 683 686 istos
704 643 763 704 pro
779 620 990 686 conducendo
1006 622 1039 684 iu
1056 621 1238 704 Vugarism
1256 623 1455 686 carissimum
1470 643 1513 685 ne-

401 737 510 811 potem
527 737 673 794 nostrum
690 727 854 794 Karolum
871 730 1123 811 primogenitum
1138 729 1222 793 bone
1238 729 1394 793 memorie
1404 727 1512 792 Keroli

402 834 505 919 Regis
522 835 679 918 Vngarie‚
703 836 773 900 neti
799 836 912 916 nostri,
936 833 1093 900 faciemus
1119 835 1183 900 sibi
1209 837 1340 918 suisque
1355 835 1513 900 heredibus

403 940 605 1008 Comitatum
620 941 775 1007 Medurse
792 940 958 1025 (Modrus)
975 947 1009 1005 et
1018 938 1184 1026 Vinodolj,
1201 963 1240 1006 ac
1256 941 1451 1008 Comitatus]
1461 939 1515 1005 Ge·
1581 955 1582 958 ’

400 1070 503 1132 neoge,
527 1071 622 1131 quem
647 1056 723 1114 tunc
748 1055 847 1130 tenet,
872 1054 906 1114 vt
932 1048 1060 1128 dicitur,
1085 1049 1234 1113 videlicet
1258 1053 1368 1112 terras
1392 1045 1513 1126 Odozeu¹

405 1156 517 1239 Obriz,
533 1153 707 1239 Doyenum
724 1162 756 1222 et
771 1153 870 1220 'Pinoz
888 1154 927 1218 de
943 1153 1086 1237 Lnfrszi,
1101 1176 1141 1218 sc
1157 1154 1238 1220 dues
1253 1162 1365 1238 partes
1379 1155 1515 1236 Euagon-

401 1263 463 1344 uie,
479 1261 619 1346 Segiem,
636 1269 669 1328 et
680 1262 904 1327 Potestariem
920 1261 1033 1343 ipsius,
1051 1283 1111 1344 per
1128 1269 1246 1344 patens
1261 1261 1462 1345 priuilegium
1477 1261 1516 1344 ip·

401 1371 469 1435 sius
484 1371 588 1434 nostri
604 1371 733 1452 nepotis
750 1369 857 1452 sigillo
874 1369 1041 1447 munitum,
1066 1377 1164 1453 prout
1181 1369 1306 1435 scilicet
1322 1369 1381 1434 ills
1394 1392 1431 1434 ex
1445 1368 1518 1433 snti-

402 1497 540 1559 quorum
555 1476 702 1558 Vngsric
727 1476 856 1559 Regum
882 1475 1089 1540 concessione
1116 1475 1250 1554 obtinet,
1278 1476 1517 1554 continuatim
1581 1551 1582 1556 γ

401 1604 549 1649 successu
564 1585 730 1667 temporie,
746 1607 818 1649 cum
833 1583 920 1648 idem
932 1583 1076 1648 Karolus
1093 1584 1193 1649 aureo
1203 1582 1294 1649 bulla
1304 1591 1422 1666 utetur,
1437 1582 1518 1648 eliud

403 1690 465 1755 sibi
482 1713 578 1775 super
594 1691 654 1756 hoc
670 1692 820 1756 similiter
837 1691 897 1754 sub
915 1690 1028 1756 eadem
1038 1691 1128 1756 bulla
1138 1691 1349 1774 priuilegium
1360 1691 1519 1774 indulgeri,
1581 1765 1582 1768 Ἴ

402 1797 463 1862 bns
480 1798 541 1864 sibi
559 1806 688 1863 nostras
704 1800 838 1864 lioteras
855 1799 888 1862 in
905 1799 1001 1863 huius
1012 1801 1060 1863 rei
1071 1799 1516 1880 testimoniumooncedentes.

404 1905 527 1970 Datum
544 1904 688 1988 Neapoli
705 1927 763 1988 per
780 1905 819 1972 B.
836 1906 876 1969 de
893 1902 1009 1988 Capua
1025 1905 1163 1970 militem
1179 1911 1240 1971 etc.
1256 1906 1310 1970 dic
1330 1905 1428 1974 vm.
1444 1905 1518 1971 Maii

404 2011 509 2078 xm
528 2011 722 2078 indictionis.

512 2191 548 2254 (A
560 2193 698 2256 ›Registri
711 2192 862 2257 Angioini‹
876 2193 908 2242 B.
923 2197 965 2242 97.
976 2207 1011 2241 ez.
1037 2191 1172 2256 »Regesto
1185 2193 1285 2242 Karoli
1298 2194 1353 2246 11.‹
1368 2195 1455 2244 czimtt
1467 2195 1518 2242 not.

404 2284 465 2333 244.
476 2283 529 2331 lev.
541 2297 548 2346 ;
566 2297 583 2330 a
595 2282 711 2346 ndpolyi
724 2282 776 2332 kir.
790 2281 866 2332 olosz
880 2296 954 2345 negy
968 2281 1164 2348 leveltetrbsn.)

888 2493 1046 2502 -—-—-..-a

933 2724 1005 2792 180.

404 2891 457 2956 11.
469 2882 594 2975 Kdrodp
605 2881 731 2951 sicilici
747 2881 860 2974 kirctiy
875 2886 1231 2973 nucperdeitu'Babonico
1246 2891 1433 2977 comesflait
1446 2889 1517 2958 ndo·

566 2997 677 3060 voniai
694 2997 726 3058 e'e
741 2999 1011 3083 inapparorszutpi
1028 2998 1253 3063 birtokukban.
1273 3004 1370 3066 1300.

512 3172 659 3238 Karolus
671 3170 838 3237 Secundus
855 3179 915 3236 etc.
931 3181 1042 3238 tenore
1059 3177 1220 3258 presentie
1237 3177 1401 3262 priuilegij
1418 3183 1515 3242 notun

407 3283 547 3347 fecimus
564 3281 723 3344 uniuersis
738 3285 806 3342 tam
823 3281 1024 3360 presentibus
1041 3304 1136 3364 quern
1153 3285 1281 3368 futuris
1299 3287 1387 3368 quod
1402 3307 1457 3351 uos
1473 3284 1518 3346 ob·

405 3389 612 3470 sequentium
637 3387 730 3452 nobis
746 3387 865 3450 merita
880 3391 985 3469 gratis
1003 3388 1172 3456 effectibus
1189 3394 1364 3473 intuentes,
1388 3394 1458 3458 illos
1472 3411 1517 3472 po·

404 3493 545 3560 tionibus
571 3492 779 3577 prouidernus
804 3493 969 3577 benefioijs
994 3495 1183 3578 efferendos,
1209 3520 1291 3581 quos
1307 3500 1518 3565 msiorseon·

403 3605 547 3687 perimus
565 3604 690 3668 Nostro
707 3597 850 3665 Culmini
876 3602 1029 3685 obsequis
1055 3606 1264 3687 p1·oetitisse;
1297 3613 1332 3670 rt
1346 3606 1518 3672 melioribus

406 3713 542 3794 premijs
555 3708 757 3792 dignioribus
769 3712 996 3792 compensatis,
1013 3711 1180 3778 snimenus
1190 3712 1341 3797 exemplo
1352 3709 1517 3778 huiusmodi

405 3819 447 3884 ed
463 3815 669 3884 seruiendum
684 3815 778 3880 nobis
794 3817 972 3898 impensius
989 3819 1166 3884 uniuersos.
1199 3816 1453 3886 Considersntes
1467 3815 1517 3900 igi·

403 3933 459 3989 tur
485 3921 632 4006 grundio,
658 3927 754 4002 gusta
779 3927 812 3984 et
837 3929 972 4004 accepts
991 3924 1135 4007 seruitia,
1159 3947 1220 4008 que
1238 3927 1301 4010 virj
1319 3927 1442 3993 nobiles
1458 3923 1516 3988 su-

404 4031 540 4114 phsuus,
565 4029 589 4096 J
592 4030 744 4106 ohannes
769 4027 948 4093 Radizlaus
965 4037 998 4093 et
1015 4029 1088 4095 Hot
1105 4030 1249 4096 Comites
1265 4031 1398 4114 fratres
1424 4025 1516 4096 dilecti

405 4137 518 4203 fideles
533 4139 637 4220 nostrj
656 4136 829 4202 Maiestoti
848 4135 972 4200 Nostre
988 4138 1022 4201 in
1039 4141 1265 4220 prosecutione
1282 4147 1392 4204 nostre
1405 4135 1516 4220 justitie

406 4267 501 4328 super
526 4245 615 4310 sacto
632 4243 742 4328 Regni
758 4243 906 4324 Vngsric
924 4244 1041 4310 deuote
1058 4267 1097 4310 ac
1113 4244 1254 4311 fideliter
1270 4247 1426 4310 hactenus
1441 4263 1516 4327 pres·

405 4354 552 4434 titerunt,
567 4358 718 4434 prostant
733 4348 776 4415 ad
792 4372 932 4434 presens,
950 4358 983 4416 ot
999 4358 1146 4434 prestare
1157 4358 1311 4434 poterunt
1326 4355 1360 4417 in
1371 4353 1514 4422 futurum

406 4464 536 4544 partem
561 4480 653 4524 rursm
672 4465 757 4522 terre
775 4455 957 4542 Seleucum,
984 4459 1023 4524 de
1036 4459 1166 4543 juribus
1182 4469 1214 4524 et
1230 4461 1436 4546 pertinentijs
1450 4452 1514 4520 dicti
