3234 5238
382 357 401 418 8
732 373 968 420 urenouacumr
985 364 1152 421 succursu.

383 533 477 610 tuuis,
487 537 583 614 atque
595 550 654 612 pro
664 530 813 612 qualibet
824 531 919 612 galea
936 531 1088 594 vexilium
1100 555 1206 612 vnum,
1215 533 1385 598 baneriam
1403 552 1510 610 unam,

382 644 414 701 et
424 637 635 720 pannucelics
651 635 797 718 triginta,
812 637 918 701 silicet
928 637 967 701 de
979 637 1116 702 zendato
1127 661 1188 721 pro
1199 639 1348 720 qualibet
1358 639 1510 703 teridact

382 746 502 808 usserio
519 743 669 808 banerias
686 744 767 807 duas
785 749 817 808 et
833 743 1021 826 panucellos
1039 745 1152 826 viginti
1170 745 1510 828 depann0,prolign0

383 850 501 914 subtile
517 851 686 914 baneriam
711 871 807 914 unam
831 856 865 913 et
889 850 1076 932 pauueelles
1102 850 1212 916 decern
1238 851 1279 915 de
1305 850 1451 929 cendato,
1476 857 1511 914 et

384 979 443 1038 pro
462 956 609 1035 qualibet
626 955 778 1020 vachetta
794 955 996 1020 baneriolam
1013 956 1052 1020 de
1068 958 1205 1022 zendeto
1221 979 1325 1021 vnam.
1341 954 1398 1020 Ad
1415 977 1509 1021 arma

381 1069 413 1124 et
429 1064 569 1144 insignia
585 1069 697 1128 nostra
727 1064 837 1145 galeas
869 1065 966 1145 ipsas,
998 1064 1134 1142 teridas,
1165 1063 1291 1146 lignum
1322 1062 1443 1127 subtile
1475 1068 1510 1127 et

381 1169 548 1235 vachettas
564 1169 691 1235 facietis
708 1171 750 1234 ed
766 1171 880 1234 eadem
906 1191 998 1234 arma
1014 1177 1047 1233 et
1071 1169 1200 1251 insigna
1225 1174 1339 1234 nostra
1364 1168 1508 1250 depingi,

381 1283 414 1341 et
429 1277 515 1340 inter
532 1276 589 1340 illa
606 1277 733 1358 galeam
750 1299 854 1355 unam,
878 1277 967 1341 illam
994 1275 1144 1340 videlicet
1169 1297 1232 1358 que
1259 1276 1293 1338 in
1318 1275 1507 1341 Brundusio

381 1383 572 1457 armabitur,
583 1383 641 1446 sub
653 1383 775 1448 eisdem
786 1382 884 1447 armis
904 1389 938 1447 et
956 1382 1105 1464 insignijs
1125 1383 1245 1446 uostris
1264 1379 1393 1445 iacietis
1413 1382 1508 1446 deru-

383 1489 575 1572 ba1·i,nobili
596 1492 665 1553 rire
681 1489 705 1552 J
707 1488 828 1554 ohanni
840 1486 1026 1554 Caldarano
1037 1489 1167 1554 Nunnio
1179 1487 1259 1552 dicti
1269 1487 1437 1573 Principis
1458 1487 1505 1553 di-

379 1595 465 1659 iecto
481 1601 593 1659 nestro
604 1597 773 1661 cinemera
798 1603 832 1660 et
841 1596 1034 1661 difficultate
1045 1595 1193 1676 qualibet
1211 1595 1381 1678 assignare
1394 1616 1508 1677 proen·
1607 1615 1613 1625 ·

380 1721 440 1764 res.
450 1697 522 1782 Qus
533 1703 641 1766 omnia
651 1708 685 1765 et
694 1703 821 1784 singula
831 1703 992 1767 instanter
1013 1708 1046 1766 et
1067 1703 1136 1766 sine
1156 1700 1285 1764 defectu
1304 1701 1414 1783 aliquo
1435 1723 1508 1766 exe-

381 1807 498 1888 quan's,
509 1805 560 1871 De
577 1809 673 1872 armis
690 1813 723 1871 et
734 1809 829 1873 rebus
839 1805 939 1872 Ourie
955 1813 1073 1886 nostre,
1090 1807 1201 1888 quein
1212 1807 1333 1870 nostris
1344 1807 1507 1872 carcianu-

379 1913 466 1978 tibus
477 1910 601 1996 Apulis
618 1919 862 1992 conseruantur,
879 1935 941 1995 que
958 1915 997 1979 de
1024 1915 1266 1980 carsianatibus
1284 1914 1395 1996 ipsius,
1411 1919 1507 1997 prout

381 2021 564 2086 executioni
577 2022 775 2103 presentium
792 2023 975 2086 necessaria
991 2021 1122 2104 fuerint,
1138 2023 1340 2105 presentium
1365 2021 1505 2086 auctori-

379 2131 451 2192 tate
466 2128 614 2208 requiras
631 2134 663 2191 et
678 2127 819 2211 recipias
835 2151 855 2192 a
871 2129 1071 2210 quibuslihet
1081 2130 1123 2194 ad
1149 2150 1261 2193 eorum
1293 2129 1509 2193 conseruatio-

380 2233 520 2300 nemaei
538 2233 720 2298 custodiam
738 2235 924 2316 deputetia;
948 2257 1007 2317 per
1024 2256 1106 2317 quos
1124 2256 1237 2300 omnes
1253 2234 1313 2299 tibi
1334 2255 1430 2316 super
1446 2233 1507 2297 hoe
1540 2281 1542 2284 -

380 2340 489 2422 pareri
505 2341 651 2405 volumus
667 2347 699 2404 et
714 2340 847 2423 intendi,
864 2349 897 2405 ct
921 2343 954 2405 in
980 2342 1106 2407 defectu
1134 2364 1300 2408 armorum
1331 2349 1364 2407 et
1395 2361 1506 2405 rerum

386 2445 486 2510 Curio
503 2453 613 2510 nostre
630 2447 669 2510 de
687 2449 786 2512 armis
803 2455 837 2511 et
851 2448 948 2513 rebus
965 2489 1007 2496 -
1024 2487 1068 2496 -—
1084 2471 1142 2533 per
1158 2456 1191 2514 te
1208 2449 1247 2514 de
1262 2447 1399 2532 pecunia
1409 2445 1508 2512 Curis

384 2559 504 2630 nostre,
522 2553 643 2633 quoad
661 2575 775 2618 manus
791 2560 864 2619 tuas
889 2557 1085 2638 peruenerit.
1110 2556 1197 2621 Nam
1222 2577 1295 2620 eece
1312 2555 1399 2637 quod
1430 2553 1508 2618 Jus-

278 2659 284 2670 '
381 2659 498 2743 titiarij
516 2658 618 2724 Terre
633 2659 715 2725 Bari
732 2667 765 2726 ct
782 2665 887 2728 'Perre
903 2661 1060 2744 Ydronti,
1076 2663 1208 2728 Secreto
1219 2663 1351 2745 Apulie,
1361 2668 1395 2726 et
1411 2660 1509 2728 Vice-

380 2771 515 2830 seeretis
531 2766 634 2831 Terre
650 2769 731 2834 Bari
747 2773 780 2832 et
796 2769 898 2833 'Perre
916 2769 1060 2836 Ydrunti
1082 2794 1140 2854 per
1167 2791 1340 2853 expressas
1372 2771 1508 2834 liete'ras

380 2879 509 2939 nostras
525 2873 730 2954 iniungimus,
746 2881 781 2939 vt
813 2897 873 2958 pro
889 2875 1074 2943 huiusmodi
1092 2882 1257 2960 apparatu
1283 2875 1507 2960 predictorum

379 2980 591 3046 vassellorum
608 2981 651 3044 ad
666 2981 911 3062 requisitionem
930 2992 1019 3048 tuam
1049 2985 1110 3050 tibi
1136 2985 1187 3050 vel
1211 2991 1269 3050 tue
1294 2985 1420 3050 Nuntio
1445 3005 1505 3065 pro

381 3091 478 3168 perte
512 3090 571 3149 tua
600 3085 816 3152 sufficientem
849 3093 1064 3169 ‹ruant-itatem
1098 3092 1235 3174 pecunie
1266 3089 1407 3154 debcant
1438 3095 1504 3157 sine

379 3191 576 3256 difficultate
603 3191 750 3272 qualibet
775 3195 972 3277 ministrare,
997 3205 1131 3281 propter
1158 3196 1246 3280 quod
1271 3195 1425 3261 fidelitati
1451 3207 1503 3266 tue

380 3299 587 3381 precipimus
604 3307 636 3364 et
652 3305 743 3366 tuam
774 3302 980 3370 decetionem
1012 3308 1156 3389 presenti
1187 3311 1383 3384 exortamur,
1417 3312 1502 3388 quod
1605 3304 1610 3312 ’

380 3404 468 3488 apud
495 3404 729 3489 Justitiarium,
755 3407 924 3476 Secretum
957 3415 1005 3478 vel
1038 3415 1261 3481 Vicesecretos
1293 3417 1379 3500 ipsos
1404 3419 1502 3484 instes

380 3519 562 3594 propterea,
588 3515 673 3577 sieut
697 3514 796 3580 fuerit
813 3525 1026 3600 oportunum
1043 3521 1132 3586 etde
1148 3523 1349 3604 moraiorte,
1375 3528 1428 3590 vel
1451 3525 1500 3588 de-

378 3617 466 3684 iectu
481 3618 582 3701 ipsius
608 3624 743 3702 pecunie
775 3625 835 3692 tibi
854 3626 965 3691 taliter
982 3627 1207 3712 ministranda,
1225 3631 1265 3694 de
1282 3637 1338 3696 tuo
1358 3632 1501 3717 proprio,

381 3725 488 3790 uelde
507 3727 720 3810 pecuniaper
745 3734 778 3793 te
805 3732 845 3796 ab
862 3732 936 3816 alijs
957 3740 1131 3816 prepterea
1162 3742 1274 3801 mutuo
1308 3740 1502 3822 recipienda,

378 3854 474 3916 super
498 3833 563 3917 hijs
596 3836 791 3916 exequendis
808 3859 970 3919 occurras,
988 3847 1021 3904 et
1051 3841 1167 3907 exinde
1203 3846 1442 3912 restitutionem
1457 3845 1504 3911 rel

378 3939 635 4006 satisfactionem
652 3942 791 4024 recipias
823 3945 863 4010 de
894 3949 1040 4030 pecunia,
1073 3969 1172 4032 quam
1208 3953 1416 4035 postmodum
1446 3953 1503 4019 tibi

377 4054 553 4131 propterea
578 4071 637 4132 per
668 4049 877 4118 Justitiarios
894 4055 989 4137 ipsos
1007 4063 1066 4122 aut
1097 4055 1277 4140 Secretum,
1296 4062 1346 4126 vel
1378 4062 1504 4130 Vicese-

378 4160 484 4220 eretos
509 4155 598 4238 ipsos
624 4156 805 4224 ministrari
837 4162 1022 4245 contigerit.
1039 4165 1081 4228 In
1097 4165 1186 4230 euius
1203 4166 1332 4234 defectu
1364 4169 1428 4234 tibi
1458 4167 1504 4232 rel

380 4259 456 4340 aiijs
481 4265 726 4330 mutuatoribus
752 4268 869 4334 exinde
885 4269 926 4336 de
954 4269 1095 4337 Camere
1111 4279 1226 4339 nostra
1241 4275 1393 4342 satisfieri
1410 4275 1503 4341 facie

380 4383 462 4448 mus.
478 4363 587 4450 Super
605 4372 722 4452 quibus
744 4375 893 4443 omnibus
918 4382 951 4441 te
966 4379 1144 4460 precedere
1160 4381 1306 4447 volumus
1325 4382 1369 4447 ad
1385 4386 1502 4450 insten-

380 4470 461 4540 tiam
476 4479 510 4539 et
525 4479 780 4564 requisitionem,
797 4489 896 4568 atque
922 4494 991 4552 sine
1023 4488 1210 4569 prouisione
1241 4493 1274 4556 et
1304 4489 1503 4557 ordinatione
