3244 5236
418 379 481 439 346
771 392 1005 440 urrnouuczmr
1022 377 1191 438 suntuna.

417 555 488 619 beri
505 560 538 619 et
553 553 708 638 impediri
724 575 783 637 per
794 551 964 636 quospiam
981 574 1046 618 uon
1063 553 1200 637 possint,
1216 555 1278 619 nisi
1293 554 1404 634 iidem,
1421 555 1475 637 qui
1490 553 1536 620 de·

416 663 549 743 bitures,
565 661 616 727 vel
631 661 665 726 iu
682 661 756 726 aliis
771 659 959 727 excessibus
976 667 1010 726 et
1027 658 1158 727 offensis
1169 659 1239 727 fore
1249 660 1455 741 videbuntur,
1470 660 1536 726 fide·

416 770 503 836 litati
518 775 626 835 vestre
643 776 676 834 et
692 775 873 835 vestrorum
890 767 1025 836 cuilibet
1041 767 1228 835 firmissimo
1237 769 1345 855 Regio
1363 769 1424 836 sub
1439 768 1537 836 edicto

416 879 519 944 firmis
536 876 651 943 damus
670 878 704 943 in
720 877 890 962 preceptis,
915 883 1075 962 quatenus
1102 877 1227 944 nullum
1246 901 1285 944 ex
1310 879 1536 946 mercatoribus

416 986 456 1051 de
480 985 605 1070 Regnis
630 987 803 1070 extraneis,
828 993 861 1053 et
886 986 1074 1070 specialiter
1099 987 1139 1052 de
1163 985 1275 1070 Regno
1291 985 1448 1053 Bohemie
1474 1009 1536 1052 enm

416 1115 529 1160 eorum
552 1094 650 1160 rebus
665 1095 699 1158 in
715 1093 868 1177 Regnum
890 1101 1036 1160 nostrum
1052 1093 1258 1161 venientibus
1274 1114 1335 1178 pro
1351 1094 1536 1174 excessibus,

416 1201 548 1269 offensis
574 1208 609 1268 et
633 1201 752 1268 debitis
777 1203 916 1269 aliorum
940 1210 1158 1269 mercatorum
1183 1201 1357 1286 probibere
1374 1203 1423 1268 vel
1439 1201 1537 1268 faeere

416 1308 584 1394 prohiberi
600 1331 658 1394 per
673 1309 845 1395 quospiam
861 1311 1128 1395 presumpmatis3
1153 1311 1216 1376 nisi
1233 1311 1365 1376 eosdem
1381 1309 1415 1375 in
1432 1313 1536 1395 specis,

415 1419 469 1501 qui
496 1419 671 1502 debitores
696 1417 747 1484 vel
773 1419 808 1485 in
834 1419 908 1485 aliis
928 1419 1114 1486 excessibus
1130 1427 1164 1486 et
1179 1418 1311 1485 offensis
1327 1419 1427 1484 alicui
1442 1419 1535 1486 teneri

415 1527 636 1606 dinoscuntur,
660 1525 766 1610 possit
790 1525 912 1609 aliquis
937 1526 1104 1609 impedire,
1139 1525 1190 1592 vel
1215 1525 1390 1609 prohibere
1415 1525 1535 1591 iusticia

415 1634 586 1698 mediante.
624 1631 749 1698 Datum
775 1633 808 1698 in
834 1633 957 1718 eampis
974 1633 1139 1718 Tyruauie
1164 1634 1379 1700 indominica
1396 1635 1534 1719 proxima

413 1748 489 1826 post
503 1743 620 1807 testum
637 1741 846 1808 Inueuoionis
862 1739 983 1808 Sancte
993 1739 1107 1808 Crucis
1124 1764 1209 1810 anno
1218 1741 1352 1808 Domini
1368 1744 1426 1810 M⁰
1442 1741 1535 1809 (100ὃ

414 1848 542 1914 XXX⁰
559 1856 660 1915 sento.

523 2029 663 2090 (Eredetio
688 2029 870 2095 borhartyaa
903 2031 1034 2095 urelynek
1058 2033 1157 2082 butera
1182 2047 1200 2082 a
1221 2031 1314 2097 kirtly
1340 2032 1462 2097 pecettje
1488 2047 1534 2082 rau

415 2135 551 2185 nyomva;
578 2135 595 2170 a
608 2119 686 2183 bajor
699 2118 749 2172 kir.
764 2121 1209 2186 mttnehen·slls1nlevtlttrban.)

949 2428 1022 2492 341.

414 2588 558 2652 Deciani
574 2589 687 2652 istoria
704 2588 761 2652 IV.
784 2586 816 2649 U
815 2611 867 2653 roa
891 2589 978 2653 azert
993 2588 1107 2676 kirtly
1123 2589 1292 2676 fepyueres
1307 2592 1450 2676 ereje'aek
1466 2590 1536 2655 eild-

598 2698 722 2762 ta'sciro'l
739 2699 772 2761 o's
789 2698 1006 2762 readeze'serot
1021 2699 1251 2784 qoudoakodik.
1271 2702 1367 2766 1336.

522 2873 619 2941 Anno
630 2874 761 2941 Domini
775 2872 1080 2943 MCCOXXXVI.
1090 2876 1142 2943 die
1151 2873 1254 2944 XIX.
1264 2875 1383 2960 Madij.
1400 2875 1536 2958 Capta:

413 2984 510 3070 Quod
536 2985 737 3050 concedatur
753 2981 882 3049 domiuo
898 2983 986 3067 Regi
1002 2982 1117 3064 Raris,
1144 2984 1232 3068 quod
1248 2984 1353 3067 possit
1370 2984 1536 3048 extrahere

412 3095 453 3159 de
469 3093 626 3172 venetiis,
653 3099 686 3159 et
711 3092 846 3158 conduci
873 3092 978 3159 t'acere
1004 3091 1048 3158 ad
1063 3100 1176 3178 partes
1191 3091 1297 3158 Raxie
1314 3115 1407 3159 arma
1421 3093 1536 3159 valoris

410 3201 569 3268 librarum
586 3197 699 3266 XXX
715 3222 920 3285 grossorum3
953 3201 1036 3268 sicut
1062 3222 1122 3285 per
1148 3202 1299 3268 nuncium
1317 3223 1408 3268 snum
1425 3201 1536 3267 amica-

412 3309 526 3374 biliter
542 3330 601 3375 nos
617 3309 755 3392 rogauit.

519 3521 582 3589 Die
597 3522 658 3594 VI.
674 3523 877 3590 Decembris.
917 3522 1031 3608 Capt
1042 3547 1078 3591 a:
1102 3523 1199 3608 Quod
1215 3524 1258 3590 ad
1274 3524 1465 3608 peticionem
1482 3524 1533 3589 do

412 3633 490 3697 mini
506 3631 609 3717 Regis
625 3633 731 3698 Raxie
747 3632 954 3712 coucedatur,
980 3632 1066 3715 quod
1094 3654 1192 3717 usque
1209 3632 1252 3698 ad
1267 3632 1326 3698 ΙΙΙ
1341 3638 1469 3698 centum
1484 3653 1533 3715 pe-

411 3740 506 3818 dites,
533 3761 615 3822 quos
641 3740 779 3807 intendit
805 3740 914 3805 faeere
941 3741 1094 3807 soldizari
1110 3748 1201 3806 extra
1219 3740 1387 3822 Venetias,
1416 3740 1537 3825 possint

410 3849 553 3914 transire
580 3870 639 3932 per
655 3853 803 3914 nostrum
817 3848 1011 3914 Districtum
1029 3850 1070 3915 ad
1088 3871 1162 3915 suus
1178 3854 1307 3932 pa1·tes;
1332 3869 1423 3932 quos
1445 3855 1481 3912 vt
1495 3847 1537 3912 di·

411 3956 465 4038 cit,
482 3955 553 4021 vult
569 3977 627 4040 pro
644 3955 821 4022 securitate
839 3977 895 4021 sue
911 3978 1058 4041 persone.

517 4137 552 4195 (A
569 4136 662 4186 »misti
677 4137 720 4187 del
735 4137 852 4188 Senatu«
876 4137 968 4188 cainiti
981 4138 1119 4189 velenozei
1132 4137 1362 4203 altamkbnyvbol
1377 4137 1465 4187 xvn.
1480 4133 1536 4187 hor.

412 4230 455 4276 59.
469 4226 496 4276 es
511 4231 553 4278 68.
567 4229 632 4290 lev.)

902 4413 1055 4421 m—
