3170 5234
416 295 479 370 196
766 311 996 372 urencrirezrm
1021 297 1189 369 ermenus.

413 481 493 564 pata
517 479 550 544 in
577 479 689 545 insulis
714 485 747 546 et
763 482 796 546 in
811 482 885 549 aliis
901 503 1012 549 eorum
1028 472 1297 568 possessionibus
1309 471 1334 548 J
1336 467 1516 546 adriensibus

415 587 590 655 restituant
605 593 638 652 et
652 588 820 672 resignent
834 588 860 656 J
861 590 1067 655 adriensibus
1084 589 1267 655 antedictis,
1284 586 1404 654 Cetera
1417 585 1518 654 Vestre

416 693 593 761 Sanctitati
618 694 803 762 reffereuda
828 698 1046 764 commisimus
1061 695 1190 764 Jacobo
1215 697 1314 764 latori
1334 694 1520 780 presentium

415 805 505 870 cuius
521 802 627 869 verbis
644 804 796 888 dignetur
813 805 937 874 Vestra
952 804 1119 872 Sanctitas
1138 805 1235 871 fidem
1260 804 1423 870 credulam
1446 799 1519 866 edhi-

415 911 502 978 bere.
528 910 620 980 Data
644 932 747 998 prope
763 911 960 998 Velgratum
978 921 1071 981 sexto
1088 914 1161 980 idus
1180 914 1298 979 mensis
1316 910 1469 978 Octubris.

526 1076 561 1136 (Α
578 1075 680 1140 »Copia
691 1075 725 1126 de
749 1077 1005 1129 Commermcrislioe
1028 1078 1120 1130 czimi‘r
1143 1077 1282 1128 veleuezei
1304 1069 1524 1138 allemkdnyvrrl

417 1167 477 1218 ker.
497 1171 558 1226 4175
573 1168 633 1228 lev„
647 1167 751 1217 abdeel
765 1182 802 1221 es.
816 1169 904 1224 titkos
917 1168 1110 1232 lereltsirbau.)

904 1347 1063 1358 *-

951 1583 1026 1646 254.

454 1741 766 1830 Be'lce-lrirppulu'solr
784 1767 804 1806 α
825 1741 1209 1898 υοὶεησκῖἐῖἓόκίάνεαθό9
1234 1745 1268 1808 ee
1282 1741 1347 1808 Pdl
1365 1744 1425 1808 Mo
1440 1742 1506 1808 lter.

532 2011 588 2078 Ad
613 2012 822 2077 ambaxatam
848 2010 968 2076 factam
994 2009 1171 2096 Magnifice
1196 2010 1327 2076 domino
1344 2011 1428 2076 Duci
1443 2007 1533 2076 Vene-

425 2123 547 2188 tiarum
573 2141 611 2184 ex
627 2127 720 2203 parte
738 2117 875 2201 Egregii
891 2119 955 2186 riri
971 2118 1093 2184 domini
1109 2115 1245 2202 Georgii
1262 2117 1403 2184 Comitis
1420 2114 1532 2182 Almisii

425 2231 645 2295 continentem
671 2229 757 2292 inter
782 2235 901 2308 cetera,
927 2228 1013 2309 quod
1028 2229 1098 2311 ipse
1116 2225 1234 2292 Comes
1250 2234 1346 2310 optat
1362 2228 1474 2294 habere
1487 2244 1534 2307 pa-

427 2360 495 2404 cem
513 2344 547 2402 et
563 2357 708 2402 amorem
725 2357 797 2402 cum
816 2337 887 2420 ipso
904 2336 1034 2401 domino
1052 2337 1144 2403 Duce
1161 2347 1193 2402 et
1210 2336 1386 2404 Communi
1401 2334 1536 2404 Venetia·

430 2467 512 2527 rum,
540 2443 690 2510 faciendo
717 2441 897 2526 querellam
914 2445 953 2509 de
970 2445 1110 2528 quodam
1127 2445 1217 2532 ligno
1234 2445 1368 2512 Almisii
1386 2453 1474 2528 capto
1487 2461 1535 2524 per

427 2559 558 2637 gentem
576 2553 698 2618 domiui
715 2550 818 2618 Ducis
834 2551 954 2636 prelati
972 2559 1033 2618 etc·

535 2659 725 2743 Respondet
742 2660 811 2744 ipse
828 2660 975 2727 dominus
992 2662 1070 2727 Dux
1086 2683 1146 2746 pro
1164 2684 1198 2730 se
1215 2671 1246 2729 et
1263 2662 1435 2729 Communi
1445 2657 1537 2726 Vene-

427 2770 556 2848 tiamrn,
582 2767 669 2849 quod
694 2767 755 2833 sihi
781 2769 887 2851 placet
912 2778 943 2835 et
968 2767 1037 2834 vult
1062 2769 1184 2836 habere
1199 2786 1315 2854 pacem
1331 2777 1364 2836 et
1380 2767 1537 2836 amicitiam

428 2897 499 2940 crim
525 2874 596 2957 ipso
615 2873 742 2939 Comite
761 2871 905 2959 Georgio
932 2885 965 2942 et
990 2875 1138 2944 omuibus
1163 2879 1237 2944 aliis
1253 2880 1403 2962 personis
1419 2897 1485 2940 eum
1498 2895 1538 2948 eo,

430 2981 516 3066 quod
536 2983 720 3068 conueniat,
747 2984 911 3064 sequendo
928 2993 1117 3069 preceptum
1134 2985 1270 3051 Domini
1287 2986 1428 3052 ortantis
1444 3000 1539 3048 omnes

429 3090 472 3155 ad
497 3110 611 3172 pacem
637 3095 671 3153 et
697 3090 736 3153 ed
756 3091 945 3156 enitendum
962 3114 1117 3176 guerram
1133 3101 1165 3159 et
1180 3093 1389 3158 discordiam.
1413 3093 1542 3158 Etinter

431 3197 523 3276 alios,
541 3198 584 3261 ad
601 3218 681 3280 quos
693 3219 836 3264 amorem
848 3206 881 3264 et
892 3199 1096 3266 dilectionem
1107 3201 1222 3267 habuit
1233 3202 1302 3288 ipse
1314 3198 1542 3276 dominusDus.

429 3304 520 3369 illum
546 3307 648 3386 gessit
673 3313 707 3370 et
734 3306 847 3372 habuit
873 3307 916 3372 ad
940 3308 1106 3374 domiuum
1121 3309 1251 3376 Beuum
1268 3307 1410 3376 Paulum
1427 3313 1459 3374 et
1473 3305 1543 3370 filios

432 3412 510 3492 ciue,
526 3411 716 3477 desiderans
733 3434 860 3478 omnem
876 3415 1030 3482 honorem
1047 3423 1082 3483 et
1098 3421 1221 3483 statum
1236 3437 1330 3482 suum
1341 3423 1376 3482 et
1388 3433 1544 3500 augumen-

431 3524 500 3583 tum
517 3539 637 3604 eorum,
653 3519 760 3584 (lando
779 3542 912 3605 operam
928 3530 961 3587 et
977 3521 1134 3605 fauorem,
1151 3529 1185 3588 et
1200 3523 1339 3588 multum
1357 3521 1512 3590 confidere
1521 3521 1543 3580 el

432 3646 567 3709 sperare
584 3633 736 3709 poteraut
753 3629 1041 3712 perseuerantibus
1056 3629 1136 3716 ipsis
1152 3632 1185 3696 in
1202 3652 1313 3696 amore
1329 3628 1545 3698 etbeneuolen·

437 3733 485 3797 tia
502 3732 625 3797 domini
635 3732 747 3818 Ducis,
768 3734 807 3800 de
824 3737 895 3820 ipso
914 3745 946 3802 et
963 3736 1136 3804 Communi
1147 3736 1362 3807 Venetiamm
1379 3738 1423 3804 ad
1439 3753 1545 3802 omnen

432 3845 554 3906 statum
578 3862 672 3906 suum
696 3847 727 3906 et
744 3843 874 3909 bonum.
910 3842 976 3910 Sed
991 3846 1060 3929 ipse
1077 3845 1226 3910 dominus
1242 3847 1357 3912 Bonus
1375 3853 1408 3912 et
1424 3846 1490 3927 filii,
1511 3843 1546 3906 in.

433 3949 520 4036 grati
536 3949 620 4014 tanti
636 3950 765 4028 amoris,
782 3957 815 4015 et
824 3972 888 4018 uon
900 3951 1005 4018 solum
1015 3954 1137 4037 ingrati
1151 3954 1209 4019 sed
1219 3952 1396 4018 reddentes
1406 3975 1466 4036 pro
1479 3951 1545 4016 bono

432 4059 563 4138 malum,
589 4062 621 4120 et
647 4078 705 4139 pro
732 4057 906 4123 dilectione
933 4059 1050 4143 odium,
1074 4067 1105 4125 et
1122 4082 1181 4144 pro
1200 4061 1347 4127 seruitiis
1363 4061 1548 4143 iniquitatem

434 4170 631 4246 exercentes,
657 4186 730 4230 cum
745 4163 931 4231 dedratinis
957 4167 1138 4234 rebellibus
1155 4169 1259 4251 ipsius
1276 4168 1400 4234 domini
1417 4166 1512 4232 Ducis
1524 4181 1547 4226 sr

435 4275 681 4355 coniunxerunt,
709 4279 740 4336 et
764 4275 810 4337 eis
826 4275 985 4340 dederunt
1003 4282 1034 4341 et
1051 4275 1130 4340 derit
1148 4281 1263 4341 contra
1279 4277 1387 4360 ipsum
1405 4275 1546 4341 dominum

436 4379 561 4444 Ducem
588 4384 620 4443 et
638 4377 816 4446 Commune
833 4379 1050 4449 Venetiarum
1075 4383 1237 4450 auxilium
1253 4389 1287 4449 et
1301 4382 1469 4462 fauorem
1493 4383 1518 4445 et
1528 4373 1546 4436 εἰ

439 4505 504 4586 non
521 4483 634 4552 luisset
652 4494 788 4572 propter
806 4489 962 4556 auxilium
975 4495 1008 4556 et
1019 4511 1109 4578 spem
1121 4491 1266 4578 ipsorum
1277 4489 1367 4558 Beni
1378 4497 1411 4558 et
1423 4489 1548 4560 filiosuo
