3174 5236
598 406 693 468 1294.
1141 408 1204 470 107

76 579 248 665 pleniorem
265 579 432 664 predictus
448 581 598 646 dominus
625 578 742 646 Comes
769 577 930 665 Georgius
947 603 1080 664 presens
1097 581 1202 665 publi-

75 707 143 754 cum
173 687 424 754 instrumentum
441 686 501 754 sub
516 687 607 753 bulla
632 709 689 754 seu
705 688 814 774 sigillo
830 689 983 772 pendenti
1000 709 1094 754 cereo
1112 709 1198 754 com-

1 825 3 900 p
74 795 189 862 muniri
207 795 384 862 mandauit
401 795 446 861 Et
461 795 593 879 insuper
617 795 738 862 domini
764 796 903 881 egidius
927 797 953 863 J
954 797 1047 876 udex‚
1065 802 1099 862 et
1115 795 1198 860 Leu-

1 909 2 918 ’
75 923 167 969 carus
183 899 327 985 Andros,
342 904 429 972 ciues
445 899 666 990 Spalatenses‚
675 904 799 988 syndici
815 913 848 970 et
863 909 1090 992 procuratores
1106 902 1197 970 nobi·

76 1008 115 1075 lis
129 1007 192 1074 viri
210 1007 330 1075 domini
356 1006 515 1095 Stephani
541 1010 582 1076 de
608 1009 746 1078 'Pedieis
772 1010 812 1076 de
838 1009 978 1078 Ancona
1009 1008 1203 1090 Potestetis,

77 1114 211 1184 Consilii
227 1123 262 1183 et
291 1116 489 1199 Communis,
513 1123 547 1184 et
569 1118 736 1186 bominum
761 1117 890 1205 Spalati
921 1119 963 1186 ad
986 1119 1202 1204 infrascripta

1 1275 2 1298 u
77 1224 260 1309 specialiter
290 1225 468 1306 constituti,
499 1233 534 1292 vt
563 1229 657 1310 patet
687 1247 745 1311 per
761 1228 1010 1294 instrumentum
1037 1226 1202 1312 publicum

1 1303 2 1370 l
76 1331 155 1398 dicti
170 1328 378 1416 spumosus,
393 1335 550 1418 scriptum
566 1355 625 1418 per
640 1354 769 1401 manum
785 1333 909 1400 Thome
938 1334 1061 1402 Vitalis
1086 1333 1127 1400 de
1143 1333 1204 1400 Pe·

77 1439 163 1506 rusio
195 1443 396 1508 auctoritate
437 1440 606 1526 Imperiali
648 1439 794 1520 Notarii,
825 1449 857 1506 et
888 1441 1043 1508 Ciuitatis
1074 1437 1205 1526 Spoleti

77 1545 189 1615 Jurati
207 1549 350 1629 Notaui,
366 1554 400 1615 et
415 1548 537 1614 factum
554 1549 614 1616 sub
631 1570 716 1615 enno
741 1549 875 1616 Domini
901 1549 1073 1616 millesimo
1089 1547 1207 1616 ducen-

77 1656 191 1722 tesimo
207 1659 418 1742 nonagesimo
443 1665 569 1742 quarto,
595 1658 772 1725 indictione
797 1659 943 1742 septima,
969 1657 1021 1724 die
1051 1658 1205 1743 vigesimo

76 1764 179 1848 primo
195 1765 317 1830 mensis
333 1765 460 1844 Martii,
474 1785 494 1830 a
509 1787 559 1832 me
576 1764 723 1833 Antonio
755 1763 876 1832 Judice
901 1772 934 1831 et
949 1763 1091 1832 Notaric
1106 1764 1207 1832 infra·

77 1871 199 1956 scripto
215 1873 285 1938 uiso
300 1876 335 1938 et
349 1872 443 1954 lecto,
454 1875 583 1940 nomine
599 1879 632 1939 et
646 1875 715 1939 vice
730 1874 875 1958 ipsorum
885 1873 1007 1968 domini
1018 1871 1207 1954 Potestatia

78 1975 224 2060 Consilii,
235 1976 426 2046 Communis
443 1987 476 2045 et
492 1979 658 2046 hominum
675 1979 822 2065 Spalati3
836 1987 869 2047 et
883 2002 943 2066 pro
960 1981 1041 2064 ipsis
1058 1981 1207 2046 omnibus

78 2084 236 2170 solempni
254 2087 467 2171 stipulatione
493 2089 715 2173 promiserunt
740 2110 774 2154 se
800 2089 945 2155 facturos
970 2094 1003 2154 et
1027 2093 1208 2166 curaturos,

1 2241 2 2256 ,
78 2195 163 2258 omni
180 2197 372 2279 exceptione
389 2201 424 2261 et
439 2196 607 2262 occasione
624 2199 768 2277 remotis,
784 2195 871 2282 quod
881 2195 1047 2280 predictus
1057 2194 1207 2260 dominus

78 2299 196 2366 (lomes
214 2298 380 2387 Georgius
395 2309 463 2369 tam
480 2325 538 2370 suo
556 2305 694 2386 nomine,
711 2311 744 2370 et
760 2325 891 2370 suorum
907 2303 1084 2382 bominum,
1110 2321 1208 2386 quam

77 2408 252 2490 hominum,
284 2418 317 2477 et
347 2410 537 2478 Communis
568 2412 712 2493 Almisii,
742 2413 837 2478 firma
862 2419 895 2476 et
925 2417 998 2477 rata
1013 2407 1158 2490 hebebit,
1175 2413 1209 2472 et

79 2515 273 2600 adimplebit
288 2521 395 2584 omnia
411 2526 444 2585 ct
459 2519 589 2602 singula
613 2522 845 2604 suprascripta,
870 2525 902 2584 et
927 2518 1069 2602 quelibet
1085 2538 1205 2596 eorum,

80 2627 111 2688 et
125 2645 192 2690 non
218 2630 334 2690 contra
365 2625 465 2692 faciet
479 2627 530 2692 vel
551 2629 658 2692 veniet
674 2628 785 2712 aliqua
802 2629 940 2705 ratione,
965 2627 1107 2710 ingenio,
1139 2627 1208 2692 siue

81 2751 187 2815 causa,
203 2733 244 2800 de
260 2733 332 2798 iure
348 2733 399 2799 vel
416 2733 457 2798 de
472 2733 559 2800 tacto
576 2733 636 2800 sub
661 2755 743 2819 pene
768 2735 928 2800 librarum
952 2734 1054 2799 trium
1069 2732 1207 2798 millium

1 2836 3 2860 '
80 2837 290 2907 denariorum
307 2839 509 2909 Venetorum
525 2863 712 2925 pannorum,
731 2842 891 2925 solempni
908 2839 1118 2923 stipulatione
1134 2861 1207 2922 pre·

1 2947 2 2986 ἒ
80 2947 188 3028 missa,
205 2954 239 3013 et
256 2946 454 3032 obligatione
471 2951 614 3015 omnium
629 2951 788 3016 bonorum
813 2949 893 3013 dicti
921 2946 1088 3012 Commuis
1103 2950 1137 3011 et
1153 2945 1208 3010 ho-

1 3069 3 3144 ᾗ
79 3055 202 3120 minum
219 3052 358 3138 Spalati,
373 3053 541 3121 mobilium
558 3061 592 3121 et
607 3055 836 3135 immobilium,
862 3053 1059 3137 presentium
1077 3057 1110 3116 et
1124 3051 1209 3118 lutu-

1 3163 2 3210 t
81 3183 200 3227 rorum.
216 3161 302 3227 Item
319 3161 432 3228 eodem
447 3163 544 3228 modo
571 3161 695 3230 nobiles
719 3163 780 3228 viri
806 3163 927 3228 domini
955 3161 1154 3228 Laurentina
1170 3159 1211 3224 de

1 3325 2 3356 2
81 3268 242 3336 Zenalelli
257 3269 339 3335 ciuis
354 3267 460 3335 Jadre
476 3268 691 3349 fideiubendo,
710 3276 794 3336 etse
820 3293 880 3354 pro
906 3268 1065 3354 predictis
1082 3273 1115 3332 et
1131 3287 1210 3352 quo·

1 3363 2 3444 l
80 3375 160 3442 libet
176 3375 400 3461 predictorum
432 3399 491 3460 pro
523 3376 610 3442 dioto
644 3374 771 3442 Comite
802 3375 948 3460 Georgio
980 3375 1211 3460 principaliter

81 3483 258 3567 obligando
274 3482 425 3566 inlibris,
443 3489 476 3549 et
490 3504 552 3568 pro
577 3482 671 3550 libris
696 3484 893 3568 octingentis
918 3484 1127 3550 denariorum
1145 3481 1210 3548 Ve-

81 3597 230 3656 netorum
260 3610 456 3674 paruorum;
491 3585 607 3655 Gallus
639 3591 716 3655 olim
749 3590 869 3656 domini
902 3591 1009 3657 Cerne
1024 3591 1064 3656 de
1080 3589 1212 3672 Mergia

2 3768 3 3778 χ
82 3699 161 3764 riuis
176 3695 351 3765 Jadrensis
376 3696 593 3776 fideiubendo‚
618 3703 650 3762 et
676 3719 710 3762 se
736 3719 795 3781 pro
822 3698 979 3782 predictis
1004 3703 1038 3762 et
1064 3695 1199 3778 quclibe

2 3837 3 3842 ¹
82 3805 303 3888 predictorum
315 3825 376 3888 pro
393 3804 482 3869 dioto
500 3803 627 3870 Comite
636 3802 781 3888 Georgio
793 3805 1018 3889 principaliter
1029 3803 1206 3886 obligando

2 3905 3 3972 Q
82 3912 224 3978 inlibris
254 3919 289 3978 et
311 3933 371 3996 pro
402 3913 496 3977 libris
527 3913 740 3996 septingentis
772 3913 981 3978 denariorum
1013 3911 1215 3979 Venetorum

2 4049 3 4058 ¹
82 4039 274 4103 pannorum
300 4020 450 4084 dominus
475 4019 657 4086 Domeldns
674 4019 715 4086 de
731 4018 921 4086 Oandolinis
937 4019 1018 4084 cinis
1035 4018 1059 4083 J
1061 4017 1213 4083 adrensis

84 4127 296 4209 fideinbendo‚
321 4133 405 4194 etse
423 4150 485 4212 pro
512 4128 670 4212 predictis
696 4135 729 4193 et
745 4128 892 4210 quolibet
910 4127 1129 4211 predictorum
1156 4145 1217 4208 pro

84 4225 169 4303 dieto
195 4233 324 4302 Gemite
352 4233 496 4319 Georgio
515 4235 743 4320 principaliter
759 4234 934 4318 obligando
951 4255 1010 4317 pro
1027 4233 1120 4299 libris
1135 4233 1218 4296 etin

83 4342 173 4412 libris
193 4345 352 4408 sexcentis
381 4341 593 4409 denariorum
620 4344 821 4412 Venetorum
846 4364 1041 4427 parueruur;
1061 4339 1214 4407 dominus

2 4506 3 4528 ξ
79 4448 183 4516 Dessa
199 4451 239 4516 de
255 4449 416 4533 Fallogna
441 4451 521 4517 ciuis
536 4449 710 4516 ledrensis
727 4450 942 4532 fideiubendo‚
958 4456 992 4516 et
1008 4473 1041 4514 se
1062 4467 1122 4532 pro
1139 4469 1213 4532 pre·

3 4605 5 4660 3
83 4555 174 4626 dictis
202 4562 235 4624 et
260 4555 429 4646 quodlibet
459 4558 679 4644 predictorum
705 4578 764 4642 pro
791 4557 878 4622 dieto
906 4553 1035 4626 Gemite
1067 4554 1215 4639 Georgia
