<?xml version="1.0" encoding="UTF-8"?>
<!DOCTYPE html PUBLIC "-//W3C//DTD XHTML 1.0 Transitional//EN"
    "http://www.w3.org/TR/xhtml1/DTD/xhtml1-transitional.dtd">
<html xmlns="http://www.w3.org/1999/xhtml" xml:lang="en" lang="en">
 <head>
  <title>
</title>
<meta http-equiv="Content-Type" content="text/html;charset=utf-8" />
  <meta name='ocr-system' content='tesseract 3.04.00' />
  <meta name='ocr-capabilities' content='ocr_page ocr_carea ocr_par ocr_line ocrx_word'/>
</head>
<body>
  <div class='ocr_page' id='page_1' title='image "./magyardiplomacz02wenzgoog_0258.png"; bbox 0 0 3170 5234; ppageno 0'>
   <div class='ocr_carea' id='block_1_1' title="bbox 431 407 1197 471">
    <p class='ocr_par' dir='ltr' id='par_1_1' title="bbox 431 407 1197 471">
     <span class='ocr_line' id='line_1_1' title="bbox 431 407 1197 471; baseline -0.004 0"><span class='ocrx_word' id='word_1_1' title='bbox 431 409 493 471; x_wconf 74' lang='lat'><strong>222</strong></span> <span class='ocrx_word' id='word_1_2' title='bbox 781 417 1014 466; x_wconf 71' lang='lat' dir='ltr'><strong>arraounczrnr</strong></span> <span class='ocrx_word' id='word_1_3' title='bbox 1031 407 1197 468; x_wconf 68' lang='lat' dir='ltr'><strong>nuntium.</strong></span> 
     </span>
    </p>
   </div>
   <div class='ocr_carea' id='block_1_2' title="bbox 313 579 1566 4225">
    <p class='ocr_par' dir='ltr' id='par_1_2' title="bbox 313 579 1566 3794">
     <span class='ocr_line' id='line_1_2' title="bbox 425 579 1525 668; baseline 0.005 -18"><span class='ocrx_word' id='word_1_4' title='bbox 425 587 467 650; x_wconf 92' lang='lat' dir='ltr'><strong>ad</strong></span> <span class='ocrx_word' id='word_1_5' title='bbox 477 585 607 648; x_wconf 92' lang='lat' dir='ltr'><strong>laudem</strong></span> <span class='ocrx_word' id='word_1_6' title='bbox 624 589 657 646; x_wconf 89' lang='lat' dir='ltr'><strong>et</strong></span> <span class='ocrx_word' id='word_1_7' title='bbox 674 602 801 646; x_wconf 87' lang='lat' dir='ltr'><strong>sensum</strong></span> <span class='ocrx_word' id='word_1_8' title='bbox 818 579 991 644; x_wconf 89' lang='lat' dir='ltr'><strong>cuiuslibet</strong></span> <span class='ocrx_word' id='word_1_9' title='bbox 1008 579 1182 663; x_wconf 79' lang='lat' dir='ltr'><strong>sapientis3</strong></span> <span class='ocrx_word' id='word_1_10' title='bbox 1199 591 1232 648; x_wconf 89' lang='lat' dir='ltr'><strong>et</strong></span> <span class='ocrx_word' id='word_1_11' title='bbox 1248 587 1353 668; x_wconf 80' lang='lat' dir='ltr'>ipsam</span> <span class='ocrx_word' id='word_1_12' title='bbox 1372 587 1525 656; x_wconf 88' lang='lat' dir='ltr'><strong>Ciuitateu</strong></span> 
     </span>
     <span class='ocr_line' id='line_1_3' title="bbox 424 686 1523 769; baseline 0.002 -13"><span class='ocrx_word' id='word_1_13' title='bbox 424 699 456 757; x_wconf 91' lang='lat' dir='ltr'><strong>et</strong></span> <span class='ocrx_word' id='word_1_14' title='bbox 481 691 674 756; x_wconf 88' lang='lat' dir='ltr'><strong>Distriotum</strong></span> <span class='ocrx_word' id='word_1_15' title='bbox 703 687 844 753; x_wconf 88' lang='lat' dir='ltr'><strong>Sibenici</strong></span> <span class='ocrx_word' id='word_1_16' title='bbox 869 688 932 769; x_wconf 90' lang='lat' dir='ltr'><strong>ipsi</strong></span> <span class='ocrx_word' id='word_1_17' title='bbox 951 688 1081 754; x_wconf 91' lang='lat' dir='ltr'><strong>domino</strong></span> <span class='ocrx_word' id='word_1_18' title='bbox 1101 686 1187 754; x_wconf 92' lang='lat' dir='ltr'><strong>Duci</strong></span> <span class='ocrx_word' id='word_1_19' title='bbox 1204 699 1236 756; x_wconf 95' lang='lat' dir='ltr'><strong>et</strong></span> <span class='ocrx_word' id='word_1_20' title='bbox 1253 691 1425 760; x_wconf 83' lang='lat' dir='ltr'><strong>Communi</strong></span> <span class='ocrx_word' id='word_1_21' title='bbox 1439 694 1523 765; x_wconf 82' lang='lat' dir='ltr'><strong>Vene-</strong></span> 
     </span>
     <span class='ocr_line' id='line_1_4' title="bbox 424 793 1525 879; baseline 0.005 -14"><span class='ocrx_word' id='word_1_22' title='bbox 424 801 546 865; x_wconf 89' lang='lat' dir='ltr'><strong>ciarum</strong></span> <span class='ocrx_word' id='word_1_23' title='bbox 572 796 715 863; x_wconf 89' lang='lat' dir='ltr'><strong>subicere</strong></span> <span class='ocrx_word' id='word_1_24' title='bbox 730 817 769 860; x_wconf 89' lang='lat' dir='ltr'><strong>ex</strong></span> <span class='ocrx_word' id='word_1_25' title='bbox 786 793 969 874; x_wconf 88' lang='lat' dir='ltr'><strong>concordia,</strong></span> <span class='ocrx_word' id='word_1_26' title='bbox 985 803 1082 877; x_wconf 89' lang='lat' dir='ltr'><strong>prout</strong></span> <span class='ocrx_word' id='word_1_27' title='bbox 1099 797 1243 879; x_wconf 82' lang='lat' dir='ltr'>quelibet</span> <span class='ocrx_word' id='word_1_28' title='bbox 1259 807 1409 867; x_wconf 79' lang='lat' dir='ltr'>contrata</span> <span class='ocrx_word' id='word_1_29' title='bbox 1425 801 1525 870; x_wconf 87' lang='lat' dir='ltr'><strong>Ciuita-</strong></span> 
     </span>
     <span class='ocr_line' id='line_1_5' title="bbox 422 901 1524 987; baseline 0.004 -14"><span class='ocrx_word' id='word_1_30' title='bbox 422 910 464 973; x_wconf 87' lang='lat' dir='ltr'><strong>tis</strong></span> <span class='ocrx_word' id='word_1_31' title='bbox 489 905 634 973; x_wconf 87' lang='lat' dir='ltr'><strong>Rivoalti</strong></span> <span class='ocrx_word' id='word_1_32' title='bbox 659 903 942 970; x_wconf 81' lang='lat' dir='ltr'><strong>seuVeneciarum</strong></span> <span class='ocrx_word' id='word_1_33' title='bbox 961 901 1126 987; x_wconf 89' lang='lat' dir='ltr'><strong>hucusque</strong></span> <span class='ocrx_word' id='word_1_34' title='bbox 1153 904 1215 969; x_wconf 90' lang='lat' dir='ltr'>sibi</span> <span class='ocrx_word' id='word_1_35' title='bbox 1235 909 1345 975; x_wconf 89' lang='lat' dir='ltr'><strong>extitit</strong></span> <span class='ocrx_word' id='word_1_36' title='bbox 1362 919 1393 975; x_wconf 89' lang='lat' dir='ltr'><strong>et</strong></span> <span class='ocrx_word' id='word_1_37' title='bbox 1410 918 1457 977; x_wconf 91' lang='lat' dir='ltr'><strong>est</strong></span> <span class='ocrx_word' id='word_1_38' title='bbox 1470 915 1524 977; x_wconf 89' lang='lat' dir='ltr'><strong>sub·</strong></span> 
     </span>
     <span class='ocr_line' id='line_1_6' title="bbox 421 1009 1524 1097; baseline -0.002 -16"><span class='ocrx_word' id='word_1_39' title='bbox 421 1017 514 1097; x_wconf 72' lang='lat' dir='ltr'><strong>iecta</strong></span> <span class='ocrx_word' id='word_1_40' title='bbox 540 1012 715 1079; x_wconf 89' lang='lat' dir='ltr'><strong>secundum</strong></span> <span class='ocrx_word' id='word_1_41' title='bbox 740 1011 827 1093; x_wconf 92' lang='lat' dir='ltr'><strong>quod</strong></span> <span class='ocrx_word' id='word_1_42' title='bbox 852 1012 920 1092; x_wconf 90' lang='lat' dir='ltr'><strong>ipse</strong></span> <span class='ocrx_word' id='word_1_43' title='bbox 947 1009 1089 1075; x_wconf 81' lang='lat' dir='ltr'><strong>sindicus</strong></span> <span class='ocrx_word' id='word_1_44' title='bbox 1115 1032 1171 1076; x_wconf 92' lang='lat' dir='ltr'><strong>seu</strong></span> <span class='ocrx_word' id='word_1_45' title='bbox 1202 1023 1395 1097; x_wconf 87' lang='lat' dir='ltr'><strong>procurator</strong></span> <span class='ocrx_word' id='word_1_46' title='bbox 1412 1041 1477 1083; x_wconf 91' lang='lat' dir='ltr'><strong>cum</strong></span> <span class='ocrx_word' id='word_1_47' title='bbox 1490 1021 1524 1084; x_wconf 86' lang='lat' dir='ltr'><strong>eis</strong></span> 
     </span>
     <span class='ocr_line' id='line_1_7' title="bbox 418 1117 1523 1210; baseline 0 -22"><span class='ocrx_word' id='word_1_48' title='bbox 418 1124 457 1188; x_wconf 90' lang='lat' dir='ltr'><strong>de</strong></span> <span class='ocrx_word' id='word_1_49' title='bbox 482 1122 639 1207; x_wconf 79' lang='lat' dir='ltr'><strong>predictis</strong></span> <span class='ocrx_word' id='word_1_50' title='bbox 665 1122 698 1183; x_wconf 91' lang='lat' dir='ltr'><strong>in</strong></span> <span class='ocrx_word' id='word_1_51' title='bbox 723 1118 895 1184; x_wconf 90' lang='lat' dir='ltr'><strong>concordia</strong></span> <span class='ocrx_word' id='word_1_52' title='bbox 920 1117 1036 1202; x_wconf 87' lang='lat' dir='ltr'><strong>fuerit;</strong></span> <span class='ocrx_word' id='word_1_53' title='bbox 1055 1126 1087 1183; x_wconf 87' lang='lat' dir='ltr'><strong>et</strong></span> <span class='ocrx_word' id='word_1_54' title='bbox 1103 1120 1145 1184; x_wconf 92' lang='lat' dir='ltr'><strong>ad</strong></span> <span class='ocrx_word' id='word_1_55' title='bbox 1162 1123 1269 1187; x_wconf 90' lang='lat' dir='ltr'><strong>omnia</strong></span> <span class='ocrx_word' id='word_1_56' title='bbox 1284 1125 1351 1188; x_wconf 91' lang='lat' dir='ltr'><strong>alia</strong></span> <span class='ocrx_word' id='word_1_57' title='bbox 1369 1133 1402 1191; x_wconf 92' lang='lat' dir='ltr'><strong>et</strong></span> <span class='ocrx_word' id='word_1_58' title='bbox 1417 1127 1523 1210; x_wconf 84' lang='lat' dir='ltr'><strong>singula</strong></span> 
     </span>
     <span class='ocr_line' id='line_1_8' title="bbox 416 1226 1521 1316; baseline 0.001 -19"><span class='ocrx_word' id='word_1_59' title='bbox 416 1232 600 1297; x_wconf 87' lang='lat' dir='ltr'><strong>faciendum</strong></span> <span class='ocrx_word' id='word_1_60' title='bbox 626 1237 658 1295; x_wconf 91' lang='lat' dir='ltr'><strong>et</strong></span> <span class='ocrx_word' id='word_1_61' title='bbox 683 1226 905 1307; x_wconf 83' lang='lat' dir='ltr'><strong>exercendum,</strong></span> <span class='ocrx_word' id='word_1_62' title='bbox 932 1248 993 1308; x_wconf 91' lang='lat' dir='ltr'><strong>que</strong></span> <span class='ocrx_word' id='word_1_63' title='bbox 1018 1228 1052 1290; x_wconf 93' lang='lat' dir='ltr'><strong>in</strong></span> <span class='ocrx_word' id='word_1_64' title='bbox 1068 1228 1224 1309; x_wconf 88' lang='lat' dir='ltr'><strong>predictis</strong></span> <span class='ocrx_word' id='word_1_65' title='bbox 1235 1236 1268 1295; x_wconf 93' lang='lat' dir='ltr'><strong>et</strong></span> <span class='ocrx_word' id='word_1_66' title='bbox 1287 1231 1376 1298; x_wconf 88' lang='lat' dir='ltr'><strong>circa</strong></span> <span class='ocrx_word' id='word_1_67' title='bbox 1391 1234 1521 1316; x_wconf 86' lang='lat' dir='ltr'><strong>predicta</strong></span> 
     </span>
     <span class='ocr_line' id='line_1_9' title="bbox 416 1336 1524 1423; baseline -0.003 -17"><span class='ocrx_word' id='word_1_68' title='bbox 416 1343 468 1406; x_wconf 81' lang='lat' dir='ltr'><strong>vel</strong></span> <span class='ocrx_word' id='word_1_69' title='bbox 494 1338 619 1423; x_wconf 88' lang='lat' dir='ltr'><strong>aliquid</strong></span> <span class='ocrx_word' id='word_1_70' title='bbox 639 1336 859 1421; x_wconf 90' lang='lat' dir='ltr'><strong>predictorum</strong></span> <span class='ocrx_word' id='word_1_71' title='bbox 875 1336 1067 1416; x_wconf 88' lang='lat' dir='ltr'><strong>necessaria,</strong></span> <span class='ocrx_word' id='word_1_72' title='bbox 1084 1336 1179 1400; x_wconf 88' lang='lat' dir='ltr'><strong>utilia</strong></span> <span class='ocrx_word' id='word_1_73' title='bbox 1195 1343 1228 1401; x_wconf 91' lang='lat' dir='ltr'><strong>et</strong></span> <span class='ocrx_word' id='word_1_74' title='bbox 1244 1345 1407 1422; x_wconf 90' lang='lat' dir='ltr'><strong>oportuna</strong></span> <span class='ocrx_word' id='word_1_75' title='bbox 1422 1342 1524 1407; x_wconf 83' lang='lat' dir='ltr'><strong>fuerint</strong></span> 
     </span>
     <span class='ocr_line' id='line_1_10' title="bbox 415 1441 1526 1528; baseline -0.01 -15"><span class='ocrx_word' id='word_1_76' title='bbox 415 1447 575 1528; x_wconf 82' lang='lat' dir='ltr'><strong>facienda,</strong></span> <span class='ocrx_word' id='word_1_77' title='bbox 593 1447 675 1512; x_wconf 92' lang='lat' dir='ltr'><strong>sicut</strong></span> <span class='ocrx_word' id='word_1_78' title='bbox 691 1445 821 1528; x_wconf 84' lang='lat' dir='ltr'><strong>ipsimet</strong></span> <span class='ocrx_word' id='word_1_79' title='bbox 837 1441 1003 1522; x_wconf 90' lang='lat' dir='ltr'><strong>Consules,</strong></span> <span class='ocrx_word' id='word_1_80' title='bbox 1021 1441 1202 1509; x_wconf 82' lang='lat' dir='ltr'><strong>Consilium</strong></span> <span class='ocrx_word' id='word_1_81' title='bbox 1220 1451 1253 1510; x_wconf 89' lang='lat' dir='ltr'><strong>et</strong></span> <span class='ocrx_word' id='word_1_82' title='bbox 1270 1446 1473 1514; x_wconf 85' lang='lat' dir='ltr'><strong>Vniuersitas</strong></span> <span class='ocrx_word' id='word_1_83' title='bbox 1487 1448 1526 1513; x_wconf 86' lang='lat' dir='ltr'><strong>Si.</strong></span> 
     </span>
     <span class='ocr_line' id='line_1_11' title="bbox 412 1550 1566 1639; baseline 0.003 -17"><span class='ocrx_word' id='word_1_84' title='bbox 412 1558 522 1636; x_wconf 72' lang='lat' dir='ltr'><strong>binim,</strong></span> <span class='ocrx_word' id='word_1_85' title='bbox 547 1556 574 1619; x_wconf 89' lang='lat' dir='ltr'><strong>si</strong></span> <span class='ocrx_word' id='word_1_86' title='bbox 590 1554 741 1620; x_wconf 79' lang='lat' dir='ltr'><strong>adessent</strong></span> <span class='ocrx_word' id='word_1_87' title='bbox 756 1550 982 1635; x_wconf 84' lang='lat' dir='ltr'><strong>personaliter,</strong></span> <span class='ocrx_word' id='word_1_88' title='bbox 998 1550 1106 1617; x_wconf 87' lang='lat' dir='ltr'><strong>facere</strong></span> <span class='ocrx_word' id='word_1_89' title='bbox 1123 1559 1267 1637; x_wconf 77' lang='lat' dir='ltr'><strong>possent,</strong></span> <span class='ocrx_word' id='word_1_90' title='bbox 1284 1563 1317 1621; x_wconf 89' lang='lat' dir='ltr'><strong>et</strong></span> <span class='ocrx_word' id='word_1_91' title='bbox 1334 1559 1525 1639; x_wconf 89' lang='lat' dir='ltr'><strong>quemadmo-</strong></span> <span class='ocrx_word' id='word_1_92' title='bbox 1565 1621 1566 1626; x_wconf 73' lang='grc'>,</span> 
     </span>
     <span class='ocr_line' id='line_1_12' title="bbox 413 1659 1524 1743; baseline 0 -15"><span class='ocrx_word' id='word_1_93' title='bbox 413 1665 488 1728; x_wconf 90' lang='lat' dir='ltr'><strong>dum</strong></span> <span class='ocrx_word' id='word_1_94' title='bbox 514 1661 632 1743; x_wconf 91' lang='lat' dir='ltr'><strong>aliquis</strong></span> <span class='ocrx_word' id='word_1_95' title='bbox 657 1681 752 1728; x_wconf 82' lang='lat' dir='ltr'><strong>verus</strong></span> <span class='ocrx_word' id='word_1_96' title='bbox 778 1659 919 1724; x_wconf 86' lang='lat' dir='ltr'><strong>sindicus</strong></span> <span class='ocrx_word' id='word_1_97' title='bbox 945 1665 977 1724; x_wconf 90' lang='lat' dir='ltr'><strong>et</strong></span> <span class='ocrx_word' id='word_1_98' title='bbox 1001 1665 1196 1741; x_wconf 88' lang='lat' dir='ltr'><strong>procurator</strong></span> <span class='ocrx_word' id='word_1_99' title='bbox 1223 1662 1361 1728; x_wconf 91' lang='lat' dir='ltr'><strong>alicuius</strong></span> <span class='ocrx_word' id='word_1_100' title='bbox 1389 1663 1524 1730; x_wconf 86' lang='lat' dir='ltr'><strong>Ciuitatis</strong></span> 
     </span>
     <span class='ocr_line' id='line_1_13' title="bbox 411 1764 1523 1855; baseline -0.001 -19"><span class='ocrx_word' id='word_1_101' title='bbox 411 1772 461 1837; x_wconf 78' lang='lat' dir='ltr'><strong>rel</strong></span> <span class='ocrx_word' id='word_1_102' title='bbox 487 1769 677 1835; x_wconf 90' lang='lat' dir='ltr'><strong>Communis</strong></span> <span class='ocrx_word' id='word_1_103' title='bbox 702 1768 735 1830; x_wconf 92' lang='lat' dir='ltr'><strong>in</strong></span> <span class='ocrx_word' id='word_1_104' title='bbox 760 1764 917 1849; x_wconf 88' lang='lat' dir='ltr'><strong>predictis</strong></span> <span class='ocrx_word' id='word_1_105' title='bbox 944 1771 977 1830; x_wconf 90' lang='lat' dir='ltr'><strong>et</strong></span> <span class='ocrx_word' id='word_1_106' title='bbox 992 1767 1079 1832; x_wconf 89' lang='lat' dir='ltr'><strong>circa</strong></span> <span class='ocrx_word' id='word_1_107' title='bbox 1095 1768 1245 1849; x_wconf 88' lang='lat' dir='ltr'><strong>predicta</strong></span> <span class='ocrx_word' id='word_1_108' title='bbox 1261 1769 1370 1835; x_wconf 90' lang='lat' dir='ltr'><strong>facere</strong></span> <span class='ocrx_word' id='word_1_109' title='bbox 1386 1773 1482 1855; x_wconf 87' lang='lat' dir='ltr'><strong>possit</strong></span> <span class='ocrx_word' id='word_1_110' title='bbox 1497 1779 1523 1836; x_wconf 91' lang='lat' dir='ltr'><strong>et</strong></span> 
     </span>
     <span class='ocr_line' id='line_1_14' title="bbox 411 1874 1523 1963; baseline -0.001 -20"><span class='ocrx_word' id='word_1_111' title='bbox 411 1881 555 1962; x_wconf 81' lang='lat' dir='ltr'><strong>deberet,</strong></span> <span class='ocrx_word' id='word_1_112' title='bbox 580 1900 645 1943; x_wconf 92' lang='lat' dir='ltr'><strong>non</strong></span> <span class='ocrx_word' id='word_1_113' title='bbox 671 1874 874 1942; x_wconf 82' lang='lat' dir='ltr'><strong>obstantibus</strong></span> <span class='ocrx_word' id='word_1_114' title='bbox 900 1874 1010 1938; x_wconf 90' lang='lat' dir='ltr'><strong>multis</strong></span> <span class='ocrx_word' id='word_1_115' title='bbox 1037 1877 1234 1942; x_wconf 85' lang='lat' dir='ltr'><strong>evisionibus</strong></span> <span class='ocrx_word' id='word_1_116' title='bbox 1254 1878 1371 1963; x_wconf 88' lang='lat' dir='ltr'><strong>silicet,</strong></span> <span class='ocrx_word' id='word_1_117' title='bbox 1391 1883 1417 1944; x_wconf 90' lang='lat' dir='ltr'><strong>si</strong></span> <span class='ocrx_word' id='word_1_118' title='bbox 1433 1882 1523 1963; x_wconf 89' lang='lat' dir='ltr'><strong>ipsum</strong></span> 
     </span>
     <span class='ocr_line' id='line_1_15' title="bbox 410 1983 1522 2072; baseline -0.001 -20"><span class='ocrx_word' id='word_1_119' title='bbox 410 1987 509 2052; x_wconf 91' lang='lat' dir='ltr'><strong>semel</strong></span> <span class='ocrx_word' id='word_1_120' title='bbox 537 1987 678 2050; x_wconf 87' lang='lat' dir='ltr'><strong>viderint</strong></span> <span class='ocrx_word' id='word_1_121' title='bbox 706 1991 763 2049; x_wconf 90' lang='lat' dir='ltr'><strong>aut</strong></span> <span class='ocrx_word' id='word_1_122' title='bbox 788 1983 920 2066; x_wconf 88' lang='lat' dir='ltr'><strong>pluries.</strong></span> <span class='ocrx_word' id='word_1_123' title='bbox 946 1983 1181 2049; x_wconf 89' lang='lat' dir='ltr'><strong>Promittentes</strong></span> <span class='ocrx_word' id='word_1_124' title='bbox 1207 1987 1351 2072; x_wconf 87' lang='lat' dir='ltr'><strong>insuper,</strong></span> <span class='ocrx_word' id='word_1_125' title='bbox 1380 1989 1522 2072; x_wconf 86' lang='lat' dir='ltr'><strong>solempni</strong></span> 
     </span>
     <span class='ocr_line' id='line_1_16' title="bbox 409 2091 1521 2179; baseline -0.001 -19"><span class='ocrx_word' id='word_1_126' title='bbox 409 2095 618 2179; x_wconf 86' lang='lat' dir='ltr'><strong>stipulatione</strong></span> <span class='ocrx_word' id='word_1_127' title='bbox 644 2093 886 2172; x_wconf 89' lang='lat' dir='ltr'><strong>interueniente,</strong></span> <span class='ocrx_word' id='word_1_128' title='bbox 913 2092 1054 2174; x_wconf 88' lang='lat' dir='ltr'><strong>predicti</strong></span> <span class='ocrx_word' id='word_1_129' title='bbox 1080 2091 1239 2158; x_wconf 85' lang='lat' dir='ltr'><strong>Consules</strong></span> <span class='ocrx_word' id='word_1_130' title='bbox 1256 2103 1288 2160; x_wconf 92' lang='lat' dir='ltr'><strong>ct</strong></span> <span class='ocrx_word' id='word_1_131' title='bbox 1305 2095 1477 2162; x_wconf 87' lang='lat' dir='ltr'><strong>Consilium</strong></span> <span class='ocrx_word' id='word_1_132' title='bbox 1491 2117 1521 2159; x_wconf 86' lang='lat' dir='ltr'><strong>ao</strong></span> 
     </span>
     <span class='ocr_line' id='line_1_17' title="bbox 409 2198 1521 2269; baseline -0.003 0"><span class='ocrx_word' id='word_1_133' title='bbox 409 2201 615 2269; x_wconf 90' lang='lat' dir='ltr'><strong>Vniuersitas</strong></span> <span class='ocrx_word' id='word_1_134' title='bbox 632 2201 718 2264; x_wconf 90' lang='lat' dir='ltr'><strong>dicte</strong></span> <span class='ocrx_word' id='word_1_135' title='bbox 734 2198 888 2264; x_wconf 88' lang='lat' dir='ltr'><strong>Ciuitatis</strong></span> <span class='ocrx_word' id='word_1_136' title='bbox 906 2200 973 2265; x_wconf 82' lang='lat' dir='ltr'><strong>sice</strong></span> <span class='ocrx_word' id='word_1_137' title='bbox 991 2207 1023 2263; x_wconf 89' lang='lat' dir='ltr'><strong>et</strong></span> <span class='ocrx_word' id='word_1_138' title='bbox 1039 2201 1168 2264; x_wconf 91' lang='lat' dir='ltr'><strong>nomine</strong></span> <span class='ocrx_word' id='word_1_139' title='bbox 1185 2201 1265 2265; x_wconf 91' lang='lat' dir='ltr'><strong>dicti</strong></span> <span class='ocrx_word' id='word_1_140' title='bbox 1281 2205 1331 2267; x_wconf 88' lang='lat' dir='ltr'><strong>sui</strong></span> <span class='ocrx_word' id='word_1_141' title='bbox 1348 2203 1521 2268; x_wconf 84' lang='lat' dir='ltr'><strong>Communis</strong></span> 
     </span>
     <span class='ocr_line' id='line_1_18' title="bbox 406 2303 1566 2391; baseline -0.003 -17"><span class='ocrx_word' id='word_1_142' title='bbox 406 2311 505 2375; x_wconf 89' lang='lat' dir='ltr'><strong>michi</strong></span> <span class='ocrx_word' id='word_1_143' title='bbox 529 2311 669 2376; x_wconf 85' lang='lat' dir='ltr'><strong>Notario</strong></span> <span class='ocrx_word' id='word_1_144' title='bbox 695 2307 903 2391; x_wconf 88' lang='lat' dir='ltr'><strong>infrascripto</strong></span> <span class='ocrx_word' id='word_1_145' title='bbox 924 2303 1094 2390; x_wconf 76' lang='lat' dir='ltr'><strong>stipulanti</strong></span> <span class='ocrx_word' id='word_1_146' title='bbox 1110 2310 1178 2374; x_wconf 88' lang='lat' dir='ltr'><strong>vice</strong></span> <span class='ocrx_word' id='word_1_147' title='bbox 1199 2316 1231 2373; x_wconf 86' lang='lat' dir='ltr'><strong>ot</strong></span> <span class='ocrx_word' id='word_1_148' title='bbox 1246 2312 1376 2376; x_wconf 91' lang='lat' dir='ltr'><strong>nomine</strong></span> <span class='ocrx_word' id='word_1_149' title='bbox 1393 2312 1469 2377; x_wconf 88' lang='lat' dir='ltr'><strong>dicti</strong></span> <span class='ocrx_word' id='word_1_150' title='bbox 1482 2309 1522 2375; x_wconf 92' lang='lat' dir='ltr'><strong>sui</strong></span> <span class='ocrx_word' id='word_1_151' title='bbox 1565 2319 1566 2322; x_wconf 76' lang='grc'>’</span> 
     </span>
     <span class='ocr_line' id='line_1_19' title="bbox 407 2415 1523 2504; baseline 0 -22"><span class='ocrx_word' id='word_1_152' title='bbox 407 2415 594 2483; x_wconf 89' lang='lat' dir='ltr'><strong>Communis</strong></span> <span class='ocrx_word' id='word_1_153' title='bbox 621 2417 764 2482; x_wconf 91' lang='lat' dir='ltr'><strong>omnium</strong></span> <span class='ocrx_word' id='word_1_154' title='bbox 789 2437 929 2500; x_wconf 90' lang='lat' dir='ltr'><strong>quorum</strong></span> <span class='ocrx_word' id='word_1_155' title='bbox 953 2418 1087 2482; x_wconf 86' lang='lat' dir='ltr'><strong>interest</strong></span> <span class='ocrx_word' id='word_1_156' title='bbox 1113 2423 1146 2481; x_wconf 89' lang='lat' dir='ltr'><strong>et</strong></span> <span class='ocrx_word' id='word_1_157' title='bbox 1162 2418 1319 2484; x_wconf 88' lang='lat' dir='ltr'><strong>interesse</strong></span> <span class='ocrx_word' id='word_1_158' title='bbox 1340 2421 1463 2504; x_wconf 77' lang='lat' dir='ltr'><strong>poterit</strong></span> <span class='ocrx_word' id='word_1_159' title='bbox 1477 2419 1523 2482; x_wconf 88' lang='lat' dir='ltr'><strong>fir-</strong></span> 
     </span>
     <span class='ocr_line' id='line_1_20' title="bbox 403 2524 1521 2608; baseline -0.004 -16"><span class='ocrx_word' id='word_1_160' title='bbox 403 2536 501 2605; x_wconf 86' lang='lat' dir='ltr'><strong>mum,</strong></span> <span class='ocrx_word' id='word_1_161' title='bbox 526 2531 633 2589; x_wconf 89' lang='lat' dir='ltr'><strong>ratum</strong></span> <span class='ocrx_word' id='word_1_162' title='bbox 649 2531 681 2589; x_wconf 93' lang='lat' dir='ltr'><strong>et</strong></span> <span class='ocrx_word' id='word_1_163' title='bbox 697 2531 829 2608; x_wconf 84' lang='lat' dir='ltr'><strong>gratum</strong></span> <span class='ocrx_word' id='word_1_164' title='bbox 844 2524 973 2604; x_wconf 87' lang='lat' dir='ltr'><strong>habere,</strong></span> <span class='ocrx_word' id='word_1_165' title='bbox 990 2546 1028 2588; x_wconf 88' lang='lat' dir='ltr'><strong>ac</strong></span> <span class='ocrx_word' id='word_1_166' title='bbox 1045 2546 1170 2608; x_wconf 88' lang='lat' dir='ltr'><strong>semper·</strong></span> <span class='ocrx_word' id='word_1_167' title='bbox 1183 2531 1293 2590; x_wconf 89' lang='lat' dir='ltr'><strong>tenere</strong></span> <span class='ocrx_word' id='word_1_168' title='bbox 1311 2535 1342 2592; x_wconf 91' lang='lat' dir='ltr'><strong>et</strong></span> <span class='ocrx_word' id='word_1_169' title='bbox 1361 2528 1521 2592; x_wconf 86' lang='lat' dir='ltr'><strong>observare</strong></span> 
     </span>
     <span class='ocr_line' id='line_1_21' title="bbox 404 2632 1517 2719; baseline -0.002 -19"><span class='ocrx_word' id='word_1_170' title='bbox 404 2635 512 2700; x_wconf 85' lang='lat' dir='ltr'><strong>omnia</strong></span> <span class='ocrx_word' id='word_1_171' title='bbox 538 2640 571 2698; x_wconf 89' lang='lat' dir='ltr'><strong>et</strong></span> <span class='ocrx_word' id='word_1_172' title='bbox 588 2634 726 2718; x_wconf 86' lang='lat' dir='ltr'><strong>singula,</strong></span> <span class='ocrx_word' id='word_1_173' title='bbox 736 2655 799 2718; x_wconf 93' lang='lat' dir='ltr'><strong>que</strong></span> <span class='ocrx_word' id='word_1_174' title='bbox 809 2654 868 2715; x_wconf 90' lang='lat' dir='ltr'><strong>per</strong></span> <span class='ocrx_word' id='word_1_175' title='bbox 885 2632 1006 2696; x_wconf 91' lang='lat' dir='ltr'><strong>dictum</strong></span> <span class='ocrx_word' id='word_1_176' title='bbox 1023 2653 1135 2697; x_wconf 91' lang='lat' dir='ltr'><strong>eorum</strong></span> <span class='ocrx_word' id='word_1_177' title='bbox 1151 2634 1311 2699; x_wconf 91' lang='lat' dir='ltr'><strong>sindicum</strong></span> <span class='ocrx_word' id='word_1_178' title='bbox 1328 2643 1361 2699; x_wconf 88' lang='lat' dir='ltr'><strong>et</strong></span> <span class='ocrx_word' id='word_1_179' title='bbox 1375 2655 1517 2719; x_wconf 85' lang='lat' dir='ltr'><strong>procura-</strong></span> 
     </span>
     <span class='ocr_line' id='line_1_22' title="bbox 401 2739 1516 2826; baseline -0.004 -18"><span class='ocrx_word' id='word_1_180' title='bbox 401 2751 505 2808; x_wconf 90' lang='lat' dir='ltr'><strong>torem</strong></span> <span class='ocrx_word' id='word_1_181' title='bbox 516 2744 548 2807; x_wconf 91' lang='lat' dir='ltr'><strong>in</strong></span> <span class='ocrx_word' id='word_1_182' title='bbox 564 2743 725 2825; x_wconf 88' lang='lat' dir='ltr'><strong>premissis</strong></span> <span class='ocrx_word' id='word_1_183' title='bbox 743 2746 775 2805; x_wconf 92' lang='lat' dir='ltr'><strong>et</strong></span> <span class='ocrx_word' id='word_1_184' title='bbox 792 2739 938 2822; x_wconf 89' lang='lat' dir='ltr'><strong>quolibet</strong></span> <span class='ocrx_word' id='word_1_185' title='bbox 954 2740 1190 2822; x_wconf 90' lang='lat' dir='ltr'><strong>premissorum</strong></span> <span class='ocrx_word' id='word_1_186' title='bbox 1207 2741 1305 2822; x_wconf 86' lang='lat' dir='ltr'><strong>lacta,</strong></span> <span class='ocrx_word' id='word_1_187' title='bbox 1322 2749 1422 2826; x_wconf 72' lang='lat' dir='ltr'><strong>gesta,</strong></span> <span class='ocrx_word' id='word_1_188' title='bbox 1438 2740 1516 2808; x_wconf 92' lang='lat' dir='ltr'><strong>ordi-</strong></span> 
     </span>
     <span class='ocr_line' id='line_1_23' title="bbox 401 2847 1517 2934; baseline -0.004 -19"><span class='ocrx_word' id='word_1_189' title='bbox 401 2859 487 2934; x_wconf 86' lang='lat' dir='ltr'><strong>nata,</strong></span> <span class='ocrx_word' id='word_1_190' title='bbox 512 2855 656 2915; x_wconf 87' lang='lat' dir='ltr'><strong>tractata</strong></span> <span class='ocrx_word' id='word_1_191' title='bbox 681 2855 714 2913; x_wconf 92' lang='lat' dir='ltr'><strong>ct</strong></span> <span class='ocrx_word' id='word_1_192' title='bbox 730 2854 908 2931; x_wconf 84' lang='lat' dir='ltr'><strong>procurata</strong></span> <span class='ocrx_word' id='word_1_193' title='bbox 927 2847 1057 2927; x_wconf 82' lang='lat' dir='ltr'><strong>fuerint,</strong></span> <span class='ocrx_word' id='word_1_194' title='bbox 1073 2855 1106 2912; x_wconf 89' lang='lat' dir='ltr'><strong>et</strong></span> <span class='ocrx_word' id='word_1_195' title='bbox 1121 2871 1288 2931; x_wconf 88' lang='lat' dir='ltr'><strong>nunquam</strong></span> <span class='ocrx_word' id='word_1_196' title='bbox 1303 2849 1517 2915; x_wconf 83' lang='lat' dir='ltr'><strong>contrafacere</strong></span> 
     </span>
     <span class='ocr_line' id='line_1_24' title="bbox 396 2955 1515 3041; baseline -0.004 -16"><span class='ocrx_word' id='word_1_197' title='bbox 396 2959 446 3024; x_wconf 82' lang='lat' dir='ltr'><strong>vel</strong></span> <span class='ocrx_word' id='word_1_198' title='bbox 462 2960 571 3025; x_wconf 89' lang='lat' dir='ltr'><strong>venire</strong></span> <span class='ocrx_word' id='word_1_199' title='bbox 597 2958 708 3041; x_wconf 84' lang='lat' dir='ltr'><strong>aliqua</strong></span> <span class='ocrx_word' id='word_1_200' title='bbox 732 2957 859 3021; x_wconf 90' lang='lat' dir='ltr'><strong>ratione</strong></span> <span class='ocrx_word' id='word_1_201' title='bbox 876 2955 927 3020; x_wconf 85' lang='lat' dir='ltr'><strong>vel</strong></span> <span class='ocrx_word' id='word_1_202' title='bbox 951 2957 1128 3039; x_wconf 87' lang='lat' dir='ltr'><strong>oausa‚sub</strong></span> <span class='ocrx_word' id='word_1_203' title='bbox 1155 2956 1356 3039; x_wconf 87' lang='lat' dir='ltr'><strong>obligatione</strong></span> <span class='ocrx_word' id='word_1_204' title='bbox 1381 2959 1515 3022; x_wconf 87' lang='lat' dir='ltr'><strong>omnium</strong></span> 
     </span>
     <span class='ocr_line' id='line_1_25' title="bbox 397 3061 1518 3148; baseline -0.005 -14"><span class='ocrx_word' id='word_1_205' title='bbox 397 3070 555 3135; x_wconf 89' lang='lat' dir='ltr'><strong>bonorum</strong></span> <span class='ocrx_word' id='word_1_206' title='bbox 581 3063 738 3148; x_wconf 90' lang='lat' dir='ltr'><strong>sepedicti</strong></span> <span class='ocrx_word' id='word_1_207' title='bbox 764 3061 951 3129; x_wconf 89' lang='lat' dir='ltr'><strong>Communis</strong></span> <span class='ocrx_word' id='word_1_208' title='bbox 979 3062 1188 3129; x_wconf 85' lang='lat' dir='ltr'><strong>Sibinioensis</strong></span> <span class='ocrx_word' id='word_1_209' title='bbox 1215 3067 1413 3148; x_wconf 87' lang='lat' dir='ltr'><strong>presentium</strong></span> <span class='ocrx_word' id='word_1_210' title='bbox 1430 3073 1460 3131; x_wconf 92' lang='lat' dir='ltr'><strong>et</strong></span> <span class='ocrx_word' id='word_1_211' title='bbox 1476 3064 1518 3128; x_wconf 88' lang='lat' dir='ltr'><strong>fu-</strong></span> 
     </span>
     <span class='ocr_line' id='line_1_26' title="bbox 313 3159 1515 3258; baseline -0.003 -18"><span class='ocrx_word' id='word_1_212' title='bbox 313 3159 314 3164; x_wconf 23' lang='lat'><em>*</em></span> <span class='ocrx_word' id='word_1_213' title='bbox 396 3183 553 3240; x_wconf 84' lang='lat' dir='ltr'><strong>tororum.</strong></span> <span class='ocrx_word' id='word_1_214' title='bbox 564 3175 610 3238; x_wconf 87' lang='lat' dir='ltr'><strong>Et</strong></span> <span class='ocrx_word' id='word_1_215' title='bbox 630 3172 671 3236; x_wconf 90' lang='lat' dir='ltr'><strong>ad</strong></span> <span class='ocrx_word' id='word_1_216' title='bbox 692 3172 848 3238; x_wconf 89' lang='lat' dir='ltr'><strong>maiorem</strong></span> <span class='ocrx_word' id='word_1_217' title='bbox 863 3172 1052 3236; x_wconf 89' lang='lat' dir='ltr'><strong>firmitatem</strong></span> <span class='ocrx_word' id='word_1_218' title='bbox 1069 3179 1103 3236; x_wconf 90' lang='lat' dir='ltr'><strong>et</strong></span> <span class='ocrx_word' id='word_1_219' title='bbox 1119 3172 1245 3254; x_wconf 90' lang='lat' dir='ltr'><strong>plenius</strong></span> <span class='ocrx_word' id='word_1_220' title='bbox 1262 3173 1364 3238; x_wconf 90' lang='lat' dir='ltr'><strong>robur</strong></span> <span class='ocrx_word' id='word_1_221' title='bbox 1381 3174 1515 3258; x_wconf 85' lang='lat' dir='ltr'><strong>sigillum</strong></span> 
     </span>
     <span class='ocr_line' id='line_1_27' title="bbox 395 3276 1517 3365; baseline -0.004 -19"><span class='ocrx_word' id='word_1_222' title='bbox 395 3282 540 3365; x_wconf 90' lang='lat' dir='ltr'><strong>pendens</strong></span> <span class='ocrx_word' id='word_1_223' title='bbox 552 3281 738 3347; x_wconf 93' lang='lat' dir='ltr'><strong>Communis</strong></span> <span class='ocrx_word' id='word_1_224' title='bbox 765 3276 920 3344; x_wconf 87' lang='lat' dir='ltr'><strong>Ciuitatis</strong></span> <span class='ocrx_word' id='word_1_225' title='bbox 947 3278 1092 3345; x_wconf 86' lang='lat' dir='ltr'><strong>Sibenici</strong></span> <span class='ocrx_word' id='word_1_226' title='bbox 1108 3279 1273 3345; x_wconf 88' lang='lat' dir='ltr'><strong>iusserunt</strong></span> <span class='ocrx_word' id='word_1_227' title='bbox 1288 3279 1364 3345; x_wconf 91' lang='lat' dir='ltr'><strong>huic</strong></span> <span class='ocrx_word' id='word_1_228' title='bbox 1380 3282 1517 3364; x_wconf 91' lang='lat' dir='ltr'><strong>presenti</strong></span> 
     </span>
     <span class='ocr_line' id='line_1_28' title="bbox 394 3385 1516 3480; baseline -0.004 -26"><span class='ocrx_word' id='word_1_229' title='bbox 394 3390 514 3473; x_wconf 90' lang='lat' dir='ltr'><strong>scripto</strong></span> <span class='ocrx_word' id='word_1_230' title='bbox 540 3389 665 3472; x_wconf 89' lang='lat' dir='ltr'><strong>apponi.</strong></span> <span class='ocrx_word' id='word_1_231' title='bbox 695 3387 816 3453; x_wconf 81' lang='lat' dir='ltr'><strong>Actum</strong></span> <span class='ocrx_word' id='word_1_232' title='bbox 833 3393 884 3452; x_wconf 92' lang='lat' dir='ltr'><strong>est</strong></span> <span class='ocrx_word' id='word_1_233' title='bbox 900 3389 961 3452; x_wconf 94' lang='lat' dir='ltr'><strong>hoc</strong></span> <span class='ocrx_word' id='word_1_234' title='bbox 978 3385 1122 3452; x_wconf 84' lang='lat' dir='ltr'><strong>Sibenici</strong></span> <span class='ocrx_word' id='word_1_235' title='bbox 1138 3388 1170 3451; x_wconf 90' lang='lat' dir='ltr'><strong>in</strong></span> <span class='ocrx_word' id='word_1_236' title='bbox 1181 3389 1310 3472; x_wconf 89' lang='lat' dir='ltr'><strong>palacio</strong></span> <span class='ocrx_word' id='word_1_237' title='bbox 1327 3386 1516 3480; x_wconf 61' lang='lat' dir='ltr'><strong>Communis,</strong></span> 
     </span>
     <span class='ocr_line' id='line_1_29' title="bbox 392 3493 1516 3582; baseline -0.004 -20"><span class='ocrx_word' id='word_1_238' title='bbox 392 3497 597 3582; x_wconf 89' lang='lat' dir='ltr'><strong>presentibus</strong></span> <span class='ocrx_word' id='word_1_239' title='bbox 623 3495 685 3560; x_wconf 89' lang='lat' dir='ltr'><strong>hiis</strong></span> <span class='ocrx_word' id='word_1_240' title='bbox 705 3497 828 3559; x_wconf 81' lang='lat' dir='ltr'><strong>vocatis</strong></span> <span class='ocrx_word' id='word_1_241' title='bbox 849 3501 881 3558; x_wconf 91' lang='lat' dir='ltr'><strong>et</strong></span> <span class='ocrx_word' id='word_1_242' title='bbox 897 3494 1021 3576; x_wconf 84' lang='lat' dir='ltr'><strong>rogatis</strong></span> <span class='ocrx_word' id='word_1_243' title='bbox 1038 3501 1096 3558; x_wconf 91' lang='lat' dir='ltr'><strong>etc.</strong></span> <span class='ocrx_word' id='word_1_244' title='bbox 1114 3494 1238 3560; x_wconf 90' lang='lat' dir='ltr'><strong>scilicet</strong></span> <span class='ocrx_word' id='word_1_245' title='bbox 1254 3495 1439 3560; x_wconf 88' lang='lat' dir='ltr'><strong>Damianus</strong></span> <span class='ocrx_word' id='word_1_246' title='bbox 1455 3493 1516 3557; x_wconf 88' lang='lat' dir='ltr'><strong>Ra-</strong></span> 
     </span>
     <span class='ocr_line' id='line_1_30' title="bbox 392 3600 1515 3688; baseline -0.005 -18"><span class='ocrx_word' id='word_1_247' title='bbox 392 3606 510 3671; x_wconf 89' lang='lat' dir='ltr'><strong>dovani</strong></span> <span class='ocrx_word' id='word_1_248' title='bbox 537 3603 732 3688; x_wconf 84' lang='lat' dir='ltr'><strong>Cognevich‚</strong></span> <span class='ocrx_word' id='word_1_249' title='bbox 759 3602 922 3667; x_wconf 88' lang='lat' dir='ltr'><strong>Damiano</strong></span> <span class='ocrx_word' id='word_1_250' title='bbox 948 3600 1164 3679; x_wconf 85' lang='lat' dir='ltr'><strong>Vrencovich‚</strong></span> <span class='ocrx_word' id='word_1_251' title='bbox 1187 3601 1326 3667; x_wconf 73' lang='lat' dir='ltr'><strong>&#39;fiscone</strong></span> <span class='ocrx_word' id='word_1_252' title='bbox 1351 3602 1515 3686; x_wconf 76' lang='lat' dir='ltr'><strong>Clrergote,</strong></span> 
     </span>
     <span class='ocr_line' id='line_1_31' title="bbox 391 3708 1513 3794; baseline -0.006 -16"><span class='ocrx_word' id='word_1_253' title='bbox 391 3713 509 3778; x_wconf 75' lang='lat' dir='ltr'><strong>&#39;l&#39;olino</strong></span> <span class='ocrx_word' id='word_1_254' title='bbox 528 3712 732 3778; x_wconf 84' lang='lat' dir='ltr'><strong>Brachovich</strong></span> <span class='ocrx_word' id='word_1_255' title='bbox 751 3718 785 3775; x_wconf 90' lang='lat' dir='ltr'><strong>et</strong></span> <span class='ocrx_word' id='word_1_256' title='bbox 801 3709 939 3775; x_wconf 88' lang='lat' dir='ltr'><strong>Daniele</strong></span> <span class='ocrx_word' id='word_1_257' title='bbox 957 3710 1141 3775; x_wconf 89' lang='lat' dir='ltr'><strong>Zurathich</strong></span> <span class='ocrx_word' id='word_1_258' title='bbox 1159 3708 1374 3794; x_wconf 83' lang='lat' dir='ltr'><strong>Sybincenses</strong></span> <span class='ocrx_word' id='word_1_259' title='bbox 1391 3717 1422 3776; x_wconf 92' lang='lat' dir='ltr'><strong>et</strong></span> <span class='ocrx_word' id='word_1_260' title='bbox 1441 3711 1513 3774; x_wconf 87' lang='lat' dir='ltr'><strong>aliis.</strong></span> 
     </span>
    </p>

    <p class='ocr_par' dir='ltr' id='par_1_3' title="bbox 384 3817 1514 4225">
     <span class='ocr_line' id='line_1_32' title="bbox 496 3817 1513 3906; baseline -0.008 -19"><span class='ocrx_word' id='word_1_261' title='bbox 496 3821 568 3906; x_wconf 80' lang='lat' dir='ltr'><strong>Ego</strong></span> <span class='ocrx_word' id='word_1_262' title='bbox 594 3820 778 3885; x_wconf 89' lang='lat' dir='ltr'><strong>Radoslaus</strong></span> <span class='ocrx_word' id='word_1_263' title='bbox 803 3817 941 3901; x_wconf 90' lang='lat' dir='ltr'><strong>Miquite</strong></span> <span class='ocrx_word' id='word_1_264' title='bbox 977 3819 1180 3885; x_wconf 84' lang='lat' dir='ltr'><strong>examinator</strong></span> <span class='ocrx_word' id='word_1_265' title='bbox 1199 3841 1331 3885; x_wconf 83' lang='lat' dir='ltr'><strong>manum</strong></span> <span class='ocrx_word' id='word_1_266' title='bbox 1347 3821 1430 3884; x_wconf 91' lang='lat' dir='ltr'><strong>misi.</strong></span> <span class='ocrx_word' id='word_1_267' title='bbox 1447 3818 1513 3900; x_wconf 82' lang='lat' dir='ltr'><strong>Ego</strong></span> 
     </span>
     <span class='ocr_line' id='line_1_33' title="bbox 385 3927 1514 4012; baseline -0.005 -16"><span class='ocrx_word' id='word_1_268' title='bbox 385 3928 587 3998; x_wconf 89' lang='lat' dir='ltr'><strong>Laurencius</strong></span> <span class='ocrx_word' id='word_1_269' title='bbox 613 3930 754 3995; x_wconf 91' lang='lat' dir='ltr'><strong>condam</strong></span> <span class='ocrx_word' id='word_1_270' title='bbox 770 3929 926 4011; x_wconf 83' lang='lat' dir='ltr'><strong>Magistri</strong></span> <span class='ocrx_word' id='word_1_271' title='bbox 944 3929 1081 3995; x_wconf 88' lang='lat' dir='ltr'><strong>Heurioi</strong></span> <span class='ocrx_word' id='word_1_272' title='bbox 1097 3927 1241 4011; x_wconf 84' lang='lat' dir='ltr'><strong>Notarii,</strong></span> <span class='ocrx_word' id='word_1_273' title='bbox 1257 3928 1430 4012; x_wconf 90' lang='lat' dir='ltr'><strong>Imperiali</strong></span> <span class='ocrx_word' id='word_1_274' title='bbox 1447 3948 1514 3992; x_wconf 15' lang='lat' dir='ltr'><strong>ainc-</strong></span> 
     </span>
     <span class='ocr_line' id='line_1_34' title="bbox 384 4035 1512 4119; baseline -0.008 -14"><span class='ocrx_word' id='word_1_275' title='bbox 384 4043 522 4107; x_wconf 89' lang='lat' dir='ltr'><strong>toritate</strong></span> <span class='ocrx_word' id='word_1_276' title='bbox 537 4037 696 4103; x_wconf 86' lang='lat' dir='ltr'><strong>Notarius</strong></span> <span class='ocrx_word' id='word_1_277' title='bbox 714 4043 747 4102; x_wconf 89' lang='lat' dir='ltr'><strong>et</strong></span> <span class='ocrx_word' id='word_1_278' title='bbox 764 4035 907 4101; x_wconf 86' lang='lat' dir='ltr'><strong>Sibenici</strong></span> <span class='ocrx_word' id='word_1_279' title='bbox 922 4037 947 4102; x_wconf 92' lang='lat' dir='ltr'><strong>J</strong></span> <span class='ocrx_word' id='word_1_280' title='bbox 949 4043 1070 4116; x_wconf 83' lang='lat' dir='ltr'><strong>cratus,</strong></span> <span class='ocrx_word' id='word_1_281' title='bbox 1086 4035 1150 4101; x_wconf 88' lang='lat' dir='ltr'><strong>hiis</strong></span> <span class='ocrx_word' id='word_1_282' title='bbox 1166 4037 1300 4101; x_wconf 88' lang='lat' dir='ltr'><strong>interfui</strong></span> <span class='ocrx_word' id='word_1_283' title='bbox 1317 4042 1351 4101; x_wconf 89' lang='lat' dir='ltr'><strong>et</strong></span> <span class='ocrx_word' id='word_1_284' title='bbox 1367 4059 1387 4101; x_wconf 88' lang='lat' dir='ltr'><strong>a</strong></span> <span class='ocrx_word' id='word_1_285' title='bbox 1401 4054 1512 4119; x_wconf 91' lang='lat' dir='ltr'><strong>preno-</strong></span> 
     </span>
     <span class='ocr_line' id='line_1_35' title="bbox 385 4143 1505 4225; baseline -0.008 -12"><span class='ocrx_word' id='word_1_286' title='bbox 385 4149 519 4213; x_wconf 88' lang='lat' dir='ltr'><strong>minatis</strong></span> <span class='ocrx_word' id='word_1_287' title='bbox 530 4145 724 4212; x_wconf 91' lang='lat' dir='ltr'><strong>Consulibus</strong></span> <span class='ocrx_word' id='word_1_288' title='bbox 749 4150 780 4208; x_wconf 92' lang='lat' dir='ltr'><strong>et</strong></span> <span class='ocrx_word' id='word_1_289' title='bbox 806 4143 950 4209; x_wconf 87' lang='lat' dir='ltr'><strong>Consilio</strong></span> <span class='ocrx_word' id='word_1_290' title='bbox 976 4145 1138 4225; x_wconf 85' lang='lat' dir='ltr'><strong>universo,</strong></span> <span class='ocrx_word' id='word_1_291' title='bbox 1165 4151 1202 4209; x_wconf 91' lang='lat' dir='ltr'><strong>ut</strong></span> <span class='ocrx_word' id='word_1_292' title='bbox 1228 4144 1349 4223; x_wconf 84' lang='lat' dir='ltr'><strong>audivi,</strong></span> <span class='ocrx_word' id='word_1_293' title='bbox 1375 4150 1505 4225; x_wconf 85' lang='lat' dir='ltr'><strong>rogatus</strong></span> 
     </span>
    </p>
   </div>
   <div class='ocr_carea' id='block_1_3' title="bbox 387 4250 1023 4340">
    <p class='ocr_par' dir='ltr' id='par_1_4' title="bbox 387 4250 1023 4340">
     <span class='ocr_line' id='line_1_36' title="bbox 387 4250 1023 4340; baseline -0.013 -17"><span class='ocrx_word' id='word_1_294' title='bbox 387 4257 500 4340; x_wconf 85' lang='lat' dir='ltr'><strong>scripsi</strong></span> <span class='ocrx_word' id='word_1_295' title='bbox 517 4263 550 4321; x_wconf 92' lang='lat' dir='ltr'><strong>et</strong></span> <span class='ocrx_word' id='word_1_296' title='bbox 572 4253 733 4322; x_wconf 90' lang='lat' dir='ltr'><strong>roboraui.</strong></span> <span class='ocrx_word' id='word_1_297' title='bbox 754 4250 906 4336; x_wconf 76' lang='lat' dir='ltr'><strong>(Jegyzoi</strong></span> <span class='ocrx_word' id='word_1_298' title='bbox 922 4251 1023 4337; x_wconf 79' lang='lat' dir='ltr'><strong>jegy.)</strong></span> 
     </span>
    </p>
   </div>
   <div class='ocr_carea' id='block_1_4' title="bbox 383 4411 1513 4552">
    <p class='ocr_par' dir='ltr' id='par_1_5' title="bbox 383 4411 1513 4552">
     <span class='ocr_line' id='line_1_37' title="bbox 487 4411 1513 4482; baseline -0.007 -14"><span class='ocrx_word' id='word_1_299' title='bbox 487 4417 523 4477; x_wconf 82' lang='lat' dir='ltr'><strong>(A</strong></span> <span class='ocrx_word' id='word_1_300' title='bbox 546 4418 651 4482; x_wconf 83' lang='lat' dir='ltr'><strong>»Copia</strong></span> <span class='ocrx_word' id='word_1_301' title='bbox 665 4417 699 4467; x_wconf 89' lang='lat' dir='ltr'><strong>de</strong></span> <span class='ocrx_word' id='word_1_302' title='bbox 722 4415 756 4466; x_wconf 86' lang='lat' dir='ltr'><strong>de</strong></span> <span class='ocrx_word' id='word_1_303' title='bbox 770 4415 1016 4466; x_wconf 86' lang='lat' dir='ltr'><strong>Commemoriali‹</strong></span> <span class='ocrx_word' id='word_1_304' title='bbox 1033 4417 1123 4468; x_wconf 85' lang='lat' dir='ltr'><strong>czimii</strong></span> <span class='ocrx_word' id='word_1_305' title='bbox 1139 4417 1280 4468; x_wconf 82' lang='lat' dir='ltr'><strong>velencnei</strong></span> <span class='ocrx_word' id='word_1_306' title='bbox 1294 4411 1513 4482; x_wconf 76' lang='lat' dir='ltr'><strong>allamkonyvocl</strong></span> 
     </span>
     <span class='ocr_line' id='line_1_38' title="bbox 383 4486 1140 4552; baseline -0.004 -12"><span class='ocrx_word' id='word_1_307' title='bbox 383 4486 429 4540; x_wconf 75' lang='lat' dir='ltr'><strong>lv.</strong></span> <span class='ocrx_word' id='word_1_308' title='bbox 451 4486 507 4538; x_wconf 81' lang='lat' dir='ltr'><strong>kot.</strong></span> <span class='ocrx_word' id='word_1_309' title='bbox 523 4493 582 4540; x_wconf 80' lang='lat'>378.</span> <span class='ocrx_word' id='word_1_310' title='bbox 597 4491 658 4552; x_wconf 74' lang='lat' dir='ltr'><strong>len,</strong></span> <span class='ocrx_word' id='word_1_311' title='bbox 673 4505 690 4538; x_wconf 84' lang='lat' dir='ltr'><strong>a</strong></span> <span class='ocrx_word' id='word_1_312' title='bbox 704 4487 777 4539; x_wconf 76' lang='lat' dir='ltr'><strong>becci</strong></span> <span class='ocrx_word' id='word_1_313' title='bbox 792 4502 828 4537; x_wconf 86' lang='lat' dir='ltr'><strong>cs.</strong></span> <span class='ocrx_word' id='word_1_314' title='bbox 843 4488 931 4537; x_wconf 79' lang='lat' dir='ltr'><strong>titlros</strong></span> <span class='ocrx_word' id='word_1_315' title='bbox 945 4487 1140 4552; x_wconf 75' lang='lat' dir='ltr'><strong>leveltarban.)</strong></span> 
     </span>
    </p>
   </div>
   <div class='ocr_carea' id='block_1_5' title="bbox 0 0 1590 5234">
    <p class='ocr_par' dir='ltr' id='par_1_6' title="bbox 0 0 1590 5234">
     <span class='ocr_line' id='line_1_39' title="bbox 0 0 1590 5234; baseline 0 9"><span class='ocrx_word' id='word_1_316' title='bbox 0 0 1590 5234; x_wconf 95' lang='lat' dir='ltr'><strong> </strong></span> 
     </span>
    </p>
   </div>
  </div>
 </body>
</html>
