3222 5240
548 349 643 432 teni.
752 451 754 454 ¹
1087 345 1151 431 nei

35 523 186 606 Districtn
201 538 272 606 fieri
289 541 462 624 debebant,
486 548 520 608 et
534 542 671 611 debetur
686 543 792 631 Regie
807 543 985 611 Maiestaii.
1012 539 1153 610 Promit-

35 651 134 712 tcntes
148 655 206 713 etc.
222 645 347 716 Actum
362 650 396 714 in
412 649 539 734 palacio
556 652 635 719 dieti
651 651 839 720 Communis
872 649 1008 736 Spalati,
1024 670 1154 733 presen-

36 752 118 819 tibus
132 751 243 822 Micha
259 755 375 836 Medii,
401 753 516 824 Medio
541 757 642 842 Petri,
667 760 816 842 testibus,
841 764 875 825 et
897 757 1030 824 Marino
1046 757 1153 824 Decse

37 862 256 930 examinatore.
271 862 345 947 Ego
356 863 510 932 Marinus
519 865 623 934 Desse
640 868 786 935 conscius
805 865 994 934 examinavi.

134 969 208 1054 Ego
222 967 415 1038 Alexander
431 970 595 1040 Johannis
620 975 661 1042 de
687 973 871 1041 Albertinis
897 973 937 1040 de
954 971 1069 1038 Firmo
1087 969 1154 1038 Nc-

35 1075 141 1158 tcrius,
158 1082 192 1143 et
206 1097 294 1143 nunc
309 1075 499 1145 Communis
516 1079 653 1165 Spalati,
664 1087 798 1168 rogatus
808 1079 925 1165 scripsi
942 1078 1157 1164 etpublicuvi.

138 1255 173 1317 (Α
196 1257 297 1310 »Liber
310 1258 478 1311 Paetorum«
493 1261 582 1312 czimit
595 1261 734 1317 velenczsi
755 1261 983 1325 ellamkenyvuut
997 1259 1045 1311 1v.
1060 1261 1118 1310 nst.
1132 1258 1155 1310 1.

39 1341 79 1396 ik.
102 1346 172 1412 lev.;
191 1361 208 1396 a
227 1347 302 1399 becsi
322 1364 359 1404 ca.
379 1351 467 1402 titkos
485 1351 677 1416 leveltdrban.)

518 1599 677 1614 ψ*

561 1837 634 1902 289.

1 2068 2 2081 2
41 1986 198 2080 Szemaep
213 1988 331 2060 Robert
347 1996 475 2084 Kdrcly
490 2019 632 2084 mapyar
647 1997 770 2086 kirety,
786 2021 801 2063 a
817 1996 1009 2086 Habeburyi
1024 1996 1165 2086 Fripyea

1 2099 2 2147 ἶ
63 2100 229 2167 edlasztott
246 2105 357 2168 remei
371 2103 485 2192 kirdly
501 2106 532 2168 ea
549 2105 704 2188 tenivdrea',
721 2107 833 2172 Albert
850 2107 882 2170 da
900 2109 972 2173 Otto
988 2106 1152 2172 anazir-iai

414 2212 580 2300 berczepek
596 2213 675 2280 kere.
692 2215 788 2280 1328.

1 2442 2 2474 3
143 2385 218 2452 Nee
242 2387 441 2456 Fredericus
467 2389 532 2457 Dei
556 2391 671 2475 gracia
695 2389 919 2459 Romanorum
936 2389 1009 2457 Rex
1027 2387 1163 2475 Semper

41 2492 219 2578 Augustus,
243 2494 406 2564 Albertus
432 2504 465 2564 et
481 2495 559 2564 Otto
576 2497 686 2564 Duces
701 2497 838 2565 Austrie
863 2506 897 2565 et
914 2497 1023 2584 Styrie
1048 2495 1169 2564 iratres

1 2605 2 2666 i
41 2602 195 2684 eiusdem,
212 2603 432 2687 significamus
449 2607 567 2689 quibus
583 2605 714 2691 expedit
728 2606 931 2691 presencium
947 2627 1006 2691 pcr
1021 2612 1168 2672 tenorem

1 2698 2 2704 ἵ
42 2711 217 2779 uniuersis:
249 2711 348 2798 Quod
373 2713 450 2780 licet
473 2716 561 2780 inter
576 2715 897 2782 Excellentissimum
912 2716 1100 2800 Principem
1116 2713 1171 2780 dc-

1 2811 2 2841 ³
46 2819 166 2885 minum
183 2819 346 2888 Karclum
362 2821 489 2907 Regem
498 2823 671 2906 Hungarie
687 2823 941 2907 consanguinem
956 2828 1104 2888 nostrum
1119 2843 1171 2888 ea·

1 2953 2 2965 2
45 2925 209 2992 tissimum
225 2927 267 2994 ab
283 2951 346 2996 vna
361 2937 464 3014 parte,
490 2938 523 2997 et
539 2931 624 2996 inter
639 2929 711 2998 Noe
728 2953 768 2997 ex
785 2931 899 3011 altere,
917 2950 955 2996 eo
973 2930 1060 3013 quod
1076 2928 1173 2994 fedus

45 3034 244 3119 matrimonij
271 3035 341 3104 siue
366 3038 566 3122 sponsalium
589 3039 676 3104 inter
691 3038 871 3105 Hernicum
886 3036 990 3102 filium
1007 3035 1172 3120 quondam

2 3147 3 3202 ἶ
46 3139 149 3206 Ducis
159 3137 292 3209 Ottonis
309 3142 350 3210 de
360 3143 522 3227 Bawarie,
538 3150 571 3212 et
585 3144 687 3211 tiliam
698 3152 853 3228 nostram,
870 3141 1173 3211 scilicetFrederici

2 3257 3 3340 t
46 3246 150 3331 Regis
173 3248 315 3333 predicti
339 3252 540 3318 carissimam
565 3258 773 3320 contractum
789 3252 906 3334 extitit,
932 3247 1174 3337 propterquod

2 3350 3 3365 ²
47 3355 109 3439 ipsi
126 3354 259 3423 domino
269 3357 354 3442 Regi
364 3357 537 3445 Hungarie
554 3361 694 3444 suspicio
710 3361 959 3427 inimiciciarum
975 3360 1039 3424 1i0n
1049 3356 1177 3424 modica

2 3544 3 3550 ἵ
49 3461 87 3529 de
111 3464 210 3532 nobis
227 3472 341 3532 exorta
356 3467 474 3551 iuerat,
498 3474 633 3553 propter
649 3468 874 3552 occupacionis
891 3487 1020 3550 quoque
1037 3487 1178 3551 quarun-

50 3570 126 3637 dam
150 3577 324 3656 terrarum,
348 3581 533 3642 castrorum
558 3582 591 3642 et
616 3576 755 3643 aliorum
779 3575 904 3659 jurium
920 3581 953 3640 et
967 3573 1080 3640 finium
1096 3573 1177 3639 dicti

3 3697 4 3700 ’
50 3673 161 3764 Regni
171 3679 347 3764 Hungarie
361 3703 421 3767 per
435 3705 495 3749 nos
512 3689 545 3749 et
560 3690 747 3751 nostrarum
762 3688 929 3748 terrarum
942 3681 1068 3748 nobiles
1085 3699 1178 3747 occu·

50 3794 211 3871 patorum,
225 3808 431 3872 possesorem
447 3797 480 3857 et
494 3791 694 3874 habitarum,
708 3791 797 3857 varie
809 3788 979 3871 discordie,
995 3787 1176 3854 contencio·

50 3916 115 3980 nes,
143 3917 270 3980 guerre,
296 3898 424 3981 iniurie,
441 3891 593 3984 dampna,
609 3905 642 3965 et
657 3899 724 3964 alia
740 3897 883 3981 dampna
900 3894 982 3982 (tgy)
1001 3915 1098 3978 quam
1112 3893 1182 3978 plu·

3 3985 5 3996 ¹
51 4002 133 4068 rimu
151 4003 381 4088 pululauerint,
398 4013 431 4073 et
445 4013 557 4072 mutue
572 4007 648 4074 hinc
664 4005 740 4070 inde
751 4007 784 4070 in
795 4005 933 4070 inuicem
944 4002 1183 4085 processerint:

52 4115 161 4176 temen
186 4117 220 4177 st
239 4133 310 4178 cum
326 4111 413 4180 dicto
429 4115 559 4180 domino
575 4111 668 4198 Rege
683 4113 857 4195 Hungarie
873 4116 906 4176 et
922 4110 989 4175 suis
1004 4107 1179 4174 heredibus

52 4237 138 4283 nexu
154 4219 476 4306 consanguineitatiS,
491 4241 555 4306 quo
571 4241 681 4289 sumus
698 4220 834 4304 astricti,
850 4215 1037 4301 requirente
1053 4215 1180 4282 sincera

54 4325 234 4392 dileccione
249 4347 307 4394 nos
323 4333 357 4394 et
371 4328 477 4394 nostri
493 4329 629 4396 heredes
645 4350 684 4395 ac
700 4346 905 4394 successores
921 4329 1078 4410 perpetue
1095 4329 1127 4389 et
1137 4323 1184 4388 in·

55 4433 291 4502 dissolubiliter
306 4435 522 4522 perfruamur,
536 4459 650 4522 pacem
671 4443 704 4503 et
722 4435 928 4504 concordiam
938 4433 1046 4500 facere
1057 4429 1186 4518 cupien-

54 4548 101 4614 tes
120 4549 153 4610 et
170 4543 274 4610 eciam
290 4543 456 4630 iacientes,
473 4545 655 4634 discordijs,
672 4543 810 4632 iniuriis,
827 4541 975 4632 dampnis
991 4539 1182 4614 etomnibue
