3170 5234
1 703 3 725 r

1 737 3 766 t

63 516 244 594 confidimus
254 521 288 581 et
298 535 474 598 speramus,
484 514 681 596 requirimus
693 519 724 577 et
734 533 897 597 rogamus,
908 519 1071 596 quatenus
1084 513 1179 578 nobis

63 621 233 688 concedatis
253 625 317 688 duo
334 643 472 704 corpora
488 620 654 704 galearum
671 641 773 702 usque
790 621 823 684 in
841 617 995 703 Cyprum,
1005 621 1038 683 in
1056 619 1177 701 quibus

63 731 130 794 dicti
145 730 270 795 nobiles
287 729 460 812 perficiant
476 735 552 792 rota
569 734 690 809 nostra,
717 747 799 807 quas
816 727 1002 791 adnostros
1019 747 1177 808 expensas

64 835 203 901 faciemus
220 837 351 914 armari,
367 842 401 899 a
417 835 591 917 expediens
608 832 713 898 fuerit.
724 833 769 898 Et
780 833 856 916 quia
866 833 906 898 de
916 855 1026 898 mense
1036 832 1180 916 Augusti

1 937 2 946 ¹
64 947 150 1008 rostri
184 949 364 1008 armatores
388 949 521 1005 sunt-
538 980 580 990 —
598 978 640 987 —
657 941 735 1004 ituri
751 961 823 1005 cum
841 941 954 1023 galeis,
980 941 1111 1023 placeat
1128 961 1181 1004 ro-

1 3504 3 3630 i

1 3633 3 3767 i

1 4061 3 4126 i

1 4367 2 4416 t

1 4445 2 4480 r

1 4482 3 4534 i

1 4587 2 4622 r

63 1051 105 1115 bis
121 1051 245 1130 adhoc,
261 1058 295 1114 vt
311 1049 482 1132 perficiant
499 1052 560 1113 iter
578 1070 679 1130 surim,
696 1048 784 1130 quod
799 1048 921 1111 vadant
931 1049 963 1111 in
979 1051 1181 1112 consortium

63 1157 235 1242 earundem,
262 1158 415 1239 ipsasque
441 1157 549 1220 velitis
566 1153 790 1219 commendare
808 1153 991 1236 Capitoneo
1009 1155 1176 1238 galearum

62 1267 200 1346 ipsarum,
225 1272 260 1328 rt
285 1264 390 1328 dictas
418 1264 528 1344 galeas
553 1283 656 1344 usque
681 1263 714 1325 in
731 1259 875 1346 Cyprum
891 1263 1099 1344 aliquatenus
1114 1281 1179 1324 non

64 1378 240 1454 sequestret,
257 1371 316 1436 sed
332 1372 371 1437 de
387 1373 434 1435 eis
451 1391 561 1436 curam
577 1368 698 1433 habeat
715 1370 898 1452 specialem.

159 1551 194 1612 (A
209 1551 314 1614 »Copia
326 1549 359 1600 de
372 1549 602 1600 commemorati«
618 1550 708 1598 ozimii
723 1548 863 1600 velenczei
877 1547 1115 1611 etlamkonyvoen
1129 1547 1180 1596 III.

62 1641 112 1688 ket.
126 1645 147 1691 2.
160 1641 233 1691 reme
247 1647 308 1690 497.
323 1643 374 1690 lev.
388 1657 394 1703 ;
421 1640 526 1690 obtusi
539 1656 575 1689 cs.
589 1640 675 1688 titkoo
688 1638 882 1701 revercarban.)

589 2123 663 2188 202.

65 2283 105 2348 ΙΙ.
120 2283 243 2372 Karoiy
272 2283 401 2349 sicilici
429 2283 541 2371 Icirdly
567 2286 767 2439 {giglhorvdt
793 2281 1179 2373 &accelerandaque

161 2516 391 2600 scriptumest
409 2512 584 2580 Guilielmo
602 2515 641 2580 de
658 2515 816 2580 Pontiaco
842 2516 947 2596 militi,
973 2515 1097 2598 Magne
1115 2514 1180 2582 Ou-

63 2627 105 2690 rie
118 2633 224 2690 nostre
242 2623 405 2704 Magistro
422 2621 591 2704 Rationalj
611 2629 671 2687 etc.

158 2729 367 2813 Beneplaciti
383 2731 487 2793 nostri
504 2736 562 2812 est,
574 2736 607 2794 ot
617 2731 769 2795 fidelitati
786 2736 842 2794 tue
852 2733 1050 2814 presentium
1065 2738 1179 2796 tenore

11 2831 16 2838 ’
64 2841 257 2922 precipimus,
274 2844 435 2920 quatenus
460 2834 499 2899 de
525 2835 687 2902 frumento
719 2837 856 2901 Luceria
888 2837 1009 2902 salmas
1024 2837 1178 2923 frumeutj

64 2955 213 3012 trecentas
246 2944 409 3028 generalis
435 2965 584 3009 mensure
616 2944 743 3010 Conrao
769 2944 943 3023 Domaldo,
973 2945 1091 3010 nuncio
1116 2947 1179 3011 riri

64 3056 172 3120 nobilis
186 3052 285 3118 Pauli
303 3049 390 3114 Bani
408 3051 613 3134 Oroatorum,
638 3052 751 3116 dssecti
782 3049 900 3131 affinis,
918 3048 1148 3136 Consilia1·ij,f
1169 3085 1180 3098 ·

64 3163 188 3226 miliario
205 3167 238 3224 et
254 3159 361 3223 fidelis
394 3159 507 3240 nostri,
540 3180 622 3242 quas
654 3160 757 3224 eidem
790 3163 881 3226 Bono
908 3181 1012 3242 nuper
1028 3157 1178 3224 duximus

64 3272 197 3354 gratiose
214 3267 394 3345 donandas,
411 3267 534 3349 exiberj
552 3274 586 3330 et
602 3269 760 3351 assignarj
792 3267 893 3333 facias
910 3269 942 3331 iu
959 3267 1073 3332 eadem
1089 3274 1178 3333 terra

64 3377 191 3444 Luceria
209 3378 252 3442 ad
269 3378 374 3460 ipsum
390 3377 519 3440 Bonum
537 3376 657 3442 abinde
675 3376 876 3442 deserendas.
893 3377 1057 3440 Facturus
1076 3377 1177 3459 recipi

64 3487 167 3552 exinde
183 3485 358 3569 apodixem
374 3483 524 3548 idoneam
541 3485 583 3548 ad
599 3485 769 3564 cautelam,
791 3484 946 3548 mandato
964 3484 1072 3566 aliquo
1094 3483 1175 3556 ,huic

64 3595 217 3659 contrario
234 3615 299 3658 non
316 3591 476 3657 obstante.
493 3591 617 3656 Datum
633 3593 715 3676 Barj
733 3615 792 3675 per
822 3592 1003 3674 Magistros
1020 3591 1177 3656 Rationa-

64 3699 105 3766 les
134 3703 254 3786 Magne
287 3699 387 3765 Curia
419 3707 530 3766 nostre
562 3722 645 3764 aurio
677 3701 810 3766 Domini
852 3699 907 3764 Μυ
939 3698 1043 3765 ΟΟΟ“
1074 3697 1178 3764 I⁰dic

64 3806 209 3876 XVIIII.
225 3808 380 3890 Januarij
399 3807 522 3871 XIIII.
555 3808 750 3890 indictionis,
779 3809 966 3891 Regnorum
992 3814 1179 3872 nostrorum

64 3937 137 3981 auno
153 3918 291 4001 septimo
309 3917 443 3981 decimo.

158 4077 761 4144 (A»Regtstrinngioinauror.sz.1ceg
796 4079 892 4128 Karoli
917 4078 952 4129 11.
978 4079 1176 4128 rotetebolao.

63 4148 114 4211 lor.¹
127 4167 157 4200 az
170 4153 245 4202 olasz
258 4153 310 4202 kir.
328 4153 454 4201 »Grande
471 4151 692 4199 Ambivio-«bon
707 4151 896 4214 Napolyben.)

535 4437 597 4447 a..--
616 4437 693 4446 -⁴-.a

1 4627 2 4652 t
104 4625 161 4662 80⁸·
174 4627 254 4665 HUHG.
271 4627 339 4663 mss.
357 4634 399 4646 “““
415 4627 483 4662 ACTA
500 4627 559 4662 ΠΤ.
579 4628 596 4686 1..
