3234 5238
426 317 467 378 30
774 333 1007 378 ntruouxczmr
1024 309 1194 378 uuubxnx.

424 511 497 556 cum
511 489 583 556 filie
599 495 714 556 nostre
729 490 773 556 ad
786 490 938 575 Regnum
953 491 1127 575 Hungerie
1143 513 1178 557 se
1202 491 1422 575 personaliter
1445 488 1542 558 conie-

424 604 487 679 ται,
503 604 537 664 et
551 598 758 682 postmodum
788 599 822 664 iu
853 597 999 664 Siciliam
1024 597 1134 665 redire
1159 599 1326 681 intendem
1356 599 1409 666 cui
1435 619 1543 664 nauem

425 705 571 789 aliquam
586 728 646 791 pro
663 728 721 772 suo
736 707 889 792 passagio
906 707 949 772 ed
963 728 1098 791 presens
1123 707 1254 774 mittere
1288 727 1353 774 non
1378 706 1544 787 veleamus,

426 820 459 880 et
475 821 652 898 propterea
667 815 850 880 miserimus
867 819 900 880 et
915 815 1059 896 velimus,
1075 821 1110 880 vt
1125 814 1168 881 ed
1185 835 1344 898 expensas
1360 819 1474 880 nostre
1488 812 1544 878 Ou·

425 920 474 986 rie
491 921 552 988 sibi
568 920 609 987 de
624 921 775 1004 passagio
791 920 978 1005 prouidens,
1004 929 1037 985 et
1063 927 1225 1006 oportuna
1250 941 1406 1004 procures
1421 921 1546 1003 nauigia

426 1028 591 1098 inuenire:
621 1029 777 1095 fidelitati
806 1034 863 1095 tue
893 1029 1104 1113 precipiendo
1145 1029 1357 1114 mandamus,
1389 1035 1545 1112 quatenus

426 1136 559 1220 quando
574 1135 660 1200 idem
683 1137 910 1203 Merescalous
934 1136 977 1202 ad
1004 1136 1146 1221 aliquem
1172 1135 1283 1222 Regni
1299 1137 1405 1202 nostri
1422 1141 1545 1221 portum

428 1243 632 1327 applicuerit
655 1244 698 1309 ed
722 1245 791 1309 eius
816 1245 1061 1328 requisitionem
1086 1265 1198 1338 omnes
1230 1264 1396 1328 expensas,
1411 1264 1495 1326 ques
1515 1245 1546 1309 in

427 1351 541 1418 eodem
557 1353 709 1437 passagio
726 1374 785 1419 suo
802 1359 835 1418 st
850 1352 976 1419 familie
992 1374 1048 1419 sne
1073 1352 1197 1434 fecerit,
1212 1358 1280 1419 tem
1297 1373 1356 1436 pro
1372 1351 1547 1418 conducen-

426 1461 476 1527 dis
492 1462 643 1546 neuigijs
659 1483 756 1545 quam
782 1482 842 1545 pro
868 1460 1025 1530 faciendis
1051 1463 1201 1547 expensis
1227 1461 1302 1546 alijs
1326 1463 1497 1546 oportunis
1511 1461 1547 1526 de

426 1570 565 1655 pecunie
581 1569 682 1635 Ourie
707 1576 818 1635 nostre
835 1569 935 1656 offioij
963 1571 1022 1655 tui,
1047 1591 1110 1654 que
1144 1577 1193 1637 est
1208 1570 1259 1636 vel
1275 1570 1340 1636 erit
1355 1590 1416 1654 per
1440 1589 1548 1634 menos
1605 1574 1610 1589 '

426 1685 509 1759 tues,
533 1678 638 1744 eidem
655 1677 707 1743 vel
722 1699 781 1743 suo
797 1699 857 1761 pro
883 1697 921 1745 eo
945 1679 1060 1744 nuntio
1086 1677 1239 1746 exhibens
1265 1677 1334 1743 sine
1359 1675 1548 1744 difficultate

427 1786 574 1871 quelibet
590 1807 629 1850 ac
644 1785 825 1868 persolues,
840 1784 997 1851 mandato
1023 1793 1137 1853 nostro
1160 1786 1273 1868 aliquo
1299 1805 1363 1851 non
1392 1785 1548 1865 obstante,

428 1898 564 1977 propter
580 1891 667 1975 quod
682 1892 868 1958 huiusmodi
893 1893 1012 1958 solutio
1038 1892 1190 1978 impediri
1215 1892 1324 1958 valeat
1350 1891 1403 1958 vel
1419 1891 1547 1958 differri.

429 2001 636 2085 Recepturus
659 2000 889 2066 nichilominus
906 2000 945 2064 de
970 2001 1035 2065 hiis
1060 2021 1123 2083 qne
1149 2000 1278 2066 dederis
1304 1999 1464 2083 apodixen
1478 2001 1547 2086 ydo

427 2129 507 2174 neas
524 2108 565 2174 ad
582 2107 752 2173 cautelam.
771 2105 923 2192 (XXIV.
942 2106 1145 2192 Septembris
1162 2105 1263 2176 XIV.
1280 2106 1495 2194 indictionis.)

534 2287 933 2354 (A›RogistriAngioini‹D.
949 2293 972 2338 6.
994 2303 1032 2339 sz.
1054 2289 1121 2352 Reg.
1147 2288 1244 2338 Kar-oli
1267 2289 1293 2338 1.
1319 2287 1470 2338 kdtetdben
1497 2291 1551 2337 188.

428 2380 480 2427 lev.
495 2379 524 2427 ss
542 2377 574 2426 A.
590 2381 631 2427 29.
646 2393 683 2428 sz.
697 2377 840 2428 kotetsbol
854 2381 897 2427 29.
911 2379 983 2443 lev.;
999 2394 1025 2430 u.
1039 2377 1077 2434 ο.)
1114 2432 1123 2446 ,Ι

913 2555 1071 2566 --....-

965 2791 1016 2856 28.

428 2877 540 2981 Sirius
571 2924 684 2980 mester
708 2916 891 3000 ezztcrpomi
921 2916 1109 2981 konczetldr
1131 2915 1215 2982 mint
1238 2939 1260 2981 a
1285 2938 1428 3003 mappas
1443 2916 1553 3002 kirdlg

773 3023 877 3088 boceto
892 3021 1089 3090 Sicilidban.
1117 3027 1211 3090 1270.

537 3200 748 3270 Vicesecreto
778 3200 941 3283 Messene,
966 3206 1002 3265 ut
1026 3201 1122 3268 daret
1148 3207 1181 3267 et
1210 3203 1382 3287 assignare
1401 3205 1555 3287 procuret

432 3309 545 3376 decem
560 3312 612 3377 rel
627 3331 729 3393 usque
745 3310 788 3375 ad
805 3310 987 3392 quindecim
1015 3311 1128 3376 uncias
1152 3311 1225 3376 auri
1251 3310 1291 3375 de
1307 3312 1447 3394 pecunia
1460 3308 1555 3376 Ourie

429 3416 526 3488 officii
542 3419 600 3499 sui,
619 3439 681 3501 que
698 3423 747 3484 est
763 3425 823 3484 etc.
849 3417 989 3486 Notario
1014 3418 1181 3502 Rnynerio
1211 3419 1295 3486 Beni
1320 3441 1381 3503 pro
1409 3419 1555 3502 expensis

429 3524 715 3610 MagistriSisti
740 3526 1027 3593 Cancellnrii
1059 3525 1407 3610 strigoniensis
1439 3525 1556 3595 Nuntii

431 3629 532 3718 Regis
550 3632 706 3719 Vngcrie‚
723 3640 757 3701 et
772 3633 895 3700 familie
913 3657 970 3699 sue
987 3633 1140 3700 existenti
1157 3636 1191 3699 in
1207 3633 1373 3701 Messena.
1395 3634 1554 3718 Receptu‘

428 3764 483 3808 rus
500 3747 561 3808 etc.
586 3741 713 3808 Datum
739 3741 885 3809 Castello
909 3741 1072 3809 Jobanuis
1089 3741 1125 3826 (e
1149 3743 1215 3809 mai
1233 3743 1326 3813 Villo
1343 3740 1375 3808 S.
1393 3740 1556 3809 Giorenni
1612 3791 1614 3810 2

428 3849 565 3916 melletti
581 3848 686 3915 Pezzo
702 3849 810 3916 Ponte
826 3856 909 3916 nevti
925 3857 983 3915 vtr
998 3848 1232 3930 Celebritban,
1247 3871 1322 3916 nem
1332 3870 1455 3916 messze
1471 3847 1556 3931 Reg-

429 3957 545 4043 gidtol)
570 3953 725 4026 XXVII.
751 3957 944 4023 Decembris
969 3956 1065 4024 XIV.
1091 3957 1289 4037 indictionis,
1315 3955 1424 4040 Regni
1455 3955 1554 4022 nostri

427 4086 516 4131 enno
534 4070 634 4131 sexto.
1403 4063 1411 4076 ’

1611 3893 1614 3934 1

1611 4041 1614 4082 i

534 4227 723 4292 (AnRegistri
737 4227 889 4292 Auginum«
904 4229 934 4278 B.
952 4232 1041 4278 loaz.
1067 4211 1136 4292 Reg·
1162 4226 1260 4277 Keroli
1285 4224 1306 4276 1.
1333 4225 1483 4277 kdtsteben
1515 4245 1555 4290 go,
1611 4178 1613 4240 i

428 4317 500 4381 lev.;
525 4332 551 4369 u.
565 4313 603 4384 o.)
1611 4315 1613 4322 ⁴

915 4471 1076 4488 lasum-..uhu
