3222 5240
596 355 690 423 1332.
1140 365 1202 428 301

76 551 147 595 rum
163 537 327 597 terrarum
344 539 376 598 et
391 530 537 599 locorum
564 541 759 615 nostrorum,
776 537 861 600 sicut
877 558 937 620 pro
954 536 1074 602 honore
1091 546 1203 604 nostro

78 645 109 703 et
125 639 212 704 bono
229 637 310 706 lacti
326 641 470 707 viderint
486 644 667 724 convenire,
684 642 724 708 de
740 642 858 726 quibus
868 645 993 710 iuribus
1010 646 1133 710 uostris
1148 645 1203 712 hic

76 745 109 809 in
126 747 259 830 scriptis
277 754 308 813 et
324 747 422 813 aliter
439 750 544 814 omnis
561 749 750 816 informatio
783 751 844 816 sihi
877 751 980 816 detur.
1012 751 1057 816 Et
1072 750 1100 816 si
1116 751 1203 818 vide-

76 856 152 936 rint,
170 857 256 939 qood
281 855 430 922 dominus
458 855 531 922 Rex
555 847 673 924 habeat
698 858 818 924 bonurn
834 860 1048 925 intentionem
1064 861 1098 924 iu
1114 851 1213 925 dicto

75 960 173 1042 factu,
190 963 231 1044 ei,
247 963 331 1029 siout
357 964 480 1030 dictum
506 971 563 1045 est,
593 965 819 1049 respondeant,
836 967 923 1050 quod
939 967 1061 1032 nullam
1076 966 1201 1034 habeut

14 1147 17 1170 Ι
75 1071 249 1153 superinde
280 1073 537 1138 commissionem
553 1095 573 1137 a
589 1073 692 1155 nobis,
709 1079 817 1138 tumen
832 1074 892 1139 hec
907 1074 1072 1140 deducant
1088 1075 1130 1139 ad
1147 1095 1201 1139 no·

13 1213 15 1270 j
74 1178 183 1244 titiam
200 1185 355 1261 nostram,
372 1187 406 1245 et
423 1179 511 1263 quod
528 1186 602 1245 sunt
617 1181 708 1260 certi,
725 1181 811 1264 quod
822 1203 886 1246 nos
902 1181 1083 1247 liberaliter
1098 1181 1201 1246 inteu-

76 1284 191 1350 damus
207 1287 240 1351 in
256 1308 335 1352 casu
352 1286 499 1368 quolibet
514 1286 557 1351 ad
574 1287 690 1366 omnia,
708 1307 771 1368 que
797 1293 944 1371 spectent
960 1288 1076 1352 honori
1094 1286 1199 1370 Regio

75 1397 173 1475 utque
189 1399 311 1457 nostro.
327 1394 403 1459 Non
418 1391 485 1475 IX,
500 1413 565 1457 nou
579 1394 697 1458 sinceri
714 1392 764 1477 Π,
781 1415 890 1458 omnes
911 1392 968 1459 alii
989 1392 1029 1457 de
1053 1399 1157 1476 parte.

184 1571 220 1632 (A
236 1572 347 1623 ›ertl‹
368 1574 461 1624 ozim'u
475 1574 615 1624 velenczei
629 1573 857 1637 allaurhdnyvbdl
881 1572 941 1622 XV.
955 1573 1012 1622 kot.
1027 1577 1070 1621 48.
1084 1573 1117 1634 l.)

569 1753 719 1762 n—---——--

608 2007 681 2071 312.

73 2185 278 2272 Fraupepdn
302 2183 440 2272 Fripyes
465 2183 624 2271 t‘rrdosilja
649 2209 670 2250 a
696 2183 848 2248 oeleuczei
871 2183 971 2270 dupli,
987 2181 1067 2271 kopp
1083 2182 1199 2250 Rohert

73 2292 202 2378 Kdroly
227 2313 368 2379 mapyar
391 2292 506 2378 kiroty
531 2292 747 2379 betepsdpenelr
762 2291 897 2377 folytdu
924 2292 1002 2356 orale
1018 2291 1198 2377 kdsdbbfop

2 2401 3 2420 l
425 2400 538 2466 utazui
557 2398 727 2464 Sicitiuba.
746 2400 843 2464 1332.

178 2577 374 2663 Exemplum
400 2578 567 2644 cuiusdam
592 2578 687 2642 litere
721 2575 890 2643 Frederici
922 2575 1060 2642 Comitis
1092 2575 1198 2659 Vegle

1 2707 2 2750 1
74 2684 172 2750 misse
190 2684 320 2750 domino
337 2686 431 2751 Duoi.

181 2792 300 2859 Inclito
316 2800 350 2859 et
365 2794 490 2876 potenti
505 2791 659 2876 Domin0,
670 2793 799 2859 domiuo
815 2793 991 2859 Francisco
1007 2791 1072 2856 Dei
1088 2791 1197 2874 gratia

72 2899 301 2982 Veneciarum,
316 2901 486 2970 Dalmacie
503 2909 602 2984 atque
613 2901 851 2985 OroaoieDuoi,
861 2900 1057 2983 Dominoqu.
1069 2896 1195 2981 Quarto

71 3006 183 3074 Partis
199 3015 233 3074 et
249 3009 381 3075 dimidie
396 3010 499 3076 tocius
531 3010 666 3094 Imperii
690 3008 860 3090 Romanie,
877 3028 934 3072 suo
954 3006 1085 3071 domiuo
1102 3027 1192 3071 reue-

71 3117 171 3182 rendo
189 3115 386 3182 Fredericus
402 3113 520 3182 (lomes
535 3115 641 3199 Vegle
656 3116 878 3182 reuerenciam
891 3114 1035 3179 dehitam
1046 3117 1079 3177 et
1096 3113 1195 3178 hono-

69 3244 147 3289 rem.
163 3223 284 3293 Vestre
300 3223 511 3292 celsitudinis
526 3225 640 3290 literas
656 3244 761 3306 nuper
777 3221 966 3305 recepimus,
979 3219 1069 3286 'inter
1084 3226 1195 3292 cetera

69 3332 282 3412 continentes,
306 3338 341 3397 rt
366 3331 405 3398 de
422 3332 566 3398 aduentu
590 3329 797 3396 Serenissimi
822 3329 923 3412 Regis
955 3328 1126 3414 Hungarie
1153 3325 1197 3392 ad

70 3446 181 3522 partes
198 3439 396 3505 marittimas
412 3438 503 3504 vobis
520 3437 691 3503 notificare
718 3436 967 3502 certitudinarie
999 3435 1197 3503 deberemus.

71 3545 289 3630 Quapropter,
306 3547 369 3611 etsi
384 3546 503 3612 nobilis
519 3546 568 3611 vir
587 3544 891 3612 dominusZaninus
902 3541 1045 3609 Miuhuel
1062 3564 1197 3608 consan-

71 3655 206 3739 guineus
238 3657 350 3718 noster
380 3653 470 3720 vohis
500 3654 606 3719 tocius
637 3652 733 3718 huius
758 3653 806 3716 rei
832 3651 1024 3736 qualitatem
1040 3671 1098 3734 per
1116 3671 1191 3715 suas

69 3762 196 3828 litteras
212 3760 334 3827 scribat
352 3781 358 3825 :
375 3759 602 3827 nichilominus
619 3760 738 3831 Vestre
754 3758 955 3825 Reverencie
973 3756 1109 3822 facimus
1125 3757 1196 3822 fore

70 3877 191 3955 notum,
221 3870 307 3954 quod
333 3870 418 3936 idem
449 3869 596 3936 dominus
613 3870 686 3934 Rex
710 3890 773 3934 vna
804 3889 877 3932 curn
893 3865 960 3932 filio
977 3886 1035 3930 suo
1050 3858 1196 3948 pervenit

69 3999 168 4062 reque
186 3977 228 4043 ab
245 3975 369 4044 Albam
395 3972 611 4061 Regulemset
636 3976 680 4041 ibi
696 3974 884 4040 infirmitate
900 3972 1045 4056 podagre
1061 3990 1195 4053 occupa·

72 4091 132 4170 tus,
150 4086 191 4152 de
207 4086 342 4153 oonsilio
360 4107 489 4152 suorum
522 4084 698 4165 Beronum,
724 4089 793 4147 tarn
808 4080 959 4146 ooasicne
976 4077 1060 4141 dictu
1077 4099 1132 4142 sue
1149 4076 1195 4143 iu·

71 4193 235 4260 firmitatis
253 4216 349 4278 quam
382 4195 481 4260 etiarn
512 4186 680 4259 occasione
710 4188 835 4274 hyemis
866 4185 1071 4265 imminentis,
1095 4183 1196 4249 rediit

70 4299 315 4386 Visoegruduru.
340 4303 387 4367 nt
412 4303 458 4366 sio
483 4301 635 4382 creditur,
662 4298 750 4383 quod
782 4300 858 4360 aute
875 4299 1003 4375 tempus
1019 4313 1136 4357 novum
1152 4291 1195 4357 ad

69 4410 265 4476 marittimss
282 4430 345 4476 non
363 4409 545 4474 descendet.
560 4406 688 4475 Verum
713 4411 822 4471 autem
845 4423 911 4466 non
931 4397 1063 4484 expedit
1077 4396 1191 4463 Domi-

69 4519 197 4586 uucioui
213 4518 337 4585 Vestre
353 4517 482 4602 aliquos
498 4517 633 4585 nuncios
658 4517 724 4582 sive
752 4511 993 4579 ambasciatores
1009 4513 1133 4574 vestros
1149 4507 1195 4577 od
