3234 5238
424 349 463 412 10
772 377 1011 426 umuounozrnr
1028 369 1197 427 umerus.

365 607 373 614 ι
421 532 577 596 uisionem
593 537 682 595 tuam
699 536 784 600 velut
810 538 970 604 utiliorem
996 540 1027 602 in
1047 539 1112 622 hijs
1128 547 1239 604 nostre
1266 537 1364 606 Ourie
1391 563 1542 610 commen·

421 640 546 720 dantes,
558 640 703 706 volumus
713 643 958 726 etmaudamus,
972 646 1060 727 quod
1076 645 1215 711 vassella
1231 648 1352 730 ipsein
1368 648 1434 714 illis
1453 651 1543 718 terris

414 754 448 812 et
473 748 550 812 locis
576 751 775 832 congregari
796 757 829 815 et
844 751 997 818 distribui
1030 753 1139 836 facias,
1171 755 1206 820 iu
1237 755 1355 837 quibus
1387 760 1540 824 armanda

414 855 546 935 fuerint,
562 863 595 920 et
611 858 779 940 marinarij
804 879 843 924 ec
866 881 1005 942 persone
1033 862 1096 927 alic
1121 861 1310 945 deputande
1335 864 1370 928 iu
1399 865 1541 931 vassellis

418 963 542 1027 eisdem
558 965 757 1030 commodius
773 970 943 1048 potuerint
959 967 1108 1034 inueniri.
1124 968 1175 1035 De
1192 975 1329 1052 quotue
1349 971 1539 1053 prouisionis
1611 1001 1612 1006 ¹

420 1069 528 1135 studio
544 1070 752 1138 nihilominus
769 1081 802 1138 et
818 1097 857 1139 ea
872 1078 982 1142 omnia
997 1083 1066 1141 tam
1090 1078 1237 1143 celeriter
1263 1098 1362 1159 quem
1386 1082 1543 1144 instanter
1610 1145 1612 1160 ,

420 1180 462 1246 ad
478 1198 612 1259 presens
628 1201 687 1263 pro
703 1201 765 1245 vno
782 1203 890 1246 mense
905 1184 946 1247 de
962 1185 1101 1266 pecunia
1116 1185 1178 1250 tibi
1192 1184 1387 1268 assignardu
1412 1206 1474 1268 pro
1497 1209 1542 1251 ar-
1611 1259 1612 1264 γ

420 1292 561 1356 melione
576 1291 724 1370 ipsorum
740 1311 799 1372 per
816 1289 1012 1374 Magistrum
1029 1291 1192 1358 Simonem
1208 1273 1248 1357 de
1264 1293 1366 1358 Parte
1391 1292 1543 1358 dilectum

422 1401 584 1476 clericum,
600 1405 632 1460 et
648 1397 822 1463 Marclrum
839 1397 941 1462 filium
957 1406 1057 1478 tuum,
1074 1398 1186 1464 fideles
1202 1404 1340 1479 nostroe,
1355 1401 1450 1465 iuxta
1465 1401 1545 1484 quod
1610 1443 1612 1446 -

389 1574 392 1580 ,
422 1514 469 1574 eis
484 1508 690 1590 iniungimus,
707 1525 805 1585 quam
816 1505 966 1585 requiras
977 1507 1158 1589 etrecipias
1175 1507 1216 1572 ab
1233 1509 1422 1588 eis,armari
1439 1510 1547 1594 iacias3
1611 1507 1612 1552 ³

420 1625 452 1683 et
468 1616 577 1682 omnia
593 1614 736 1678 eiusdem
752 1610 881 1677 vasselli
898 1613 944 1678 sic
969 1619 1097 1679 armata
1122 1621 1154 1680 et
1179 1613 1320 1680 solidata
1350 1615 1393 1681 ad
1426 1617 1544 1682 (lictum
1610 1659 1612 1692 ᾗ

418 1729 549 1809 portum
564 1719 739 1802 Brundusij
776 1721 978 1803 congregari.
995 1718 1105 1804 Quare
1121 1743 1180 1804 per
1205 1723 1333 1789 eosdem
1348 1723 1541 1807 Magistrum
1610 1719 1612 1798 l

419 1830 585 1896 Simonem
616 1835 648 1891 et
673 1827 845 1892 Marchum
871 1827 913 1891 ab
938 1827 1011 1892 inde
1035 1829 1069 1892 in
1093 1835 1193 1894 antea
1223 1830 1371 1894 cassellis
1394 1833 1475 1913 ipsis
1505 1831 1541 1895 de
1610 1801 1612 1938 l

418 1959 529 2002 eorum
545 1935 658 2002 solidis
674 1935 820 2013 satisfiat,
844 1935 937 1999 iuxta
963 1935 1053 2016 quod
1078 1943 1128 2001 est
1156 1958 1213 2020 per
1238 1944 1383 2002 nostram
1409 1935 1541 2002 Curiam

418 2047 613 2112 ordinatum.
631 2042 737 2126 Super
750 2043 841 2108 cuius
859 2046 1048 2109 executione
1074 2047 1200 2129 seruitij
1219 2045 1264 2110 sic
1279 2045 1468 2128 prudenter,
1484 2047 1540 2110 sol·

418 2154 508 2218 licite
525 2161 557 2218 et
573 2153 747 2234 diligenter
764 2150 938 2234 procedere
964 2151 1092 2232 debeas,
1109 2152 1201 2217 adid
1217 2154 1440 2234 exequendum
1456 2154 1541 2218 inde-

418 2262 501 2326 fesse
517 2267 635 2325 cuncta
651 2258 881 2324 sollicitudinis
913 2265 967 2324 tue
993 2259 1102 2326 studia
1117 2259 1346 2337 conuertendo,
1362 2265 1398 2324 vt
1412 2261 1457 2326 ad
1472 2261 1541 2343 plus

418 2371 451 2435 in
468 2368 593 2433 octauis
609 2365 740 2430 maximi
756 2365 858 2430 futuri
869 2363 1164 2432 festiPentecostes
1174 2365 1313 2430 vassella
1328 2365 1400 2448 ipse
1416 2368 1541 2431 omnino

417 2477 542 2541 munita
557 2479 590 2536 et
606 2477 734 2536 armata
744 2493 782 2536 ec
798 2479 917 2553 parata
927 2472 969 2537 ad
979 2472 1207 2555 nauigandum,
1219 2492 1284 2554 quo
1302 2469 1470 2538 Serenitus
1478 2474 1541 2540 No·

418 2587 487 2648 stru
517 2579 695 2660 mandabit,
725 2578 791 2642 sint
821 2577 1038 2643 infallibiliter
1068 2585 1283 2660 congregeta;
1299 2579 1383 2644 sicut
1397 2587 1540 2646 nostram

417 2691 557 2774 gratiam
574 2709 684 2754 curam
716 2687 825 2766 hebes,
842 2692 875 2751 et
890 2685 1033 2752 Culmini
1052 2684 1176 2751 Nostro
1202 2686 1371 2752 desideras
1403 2688 1541 2772 compla-

418 2821 497 2864 cere.
516 2796 568 2861 Ac
583 2797 610 2858 si
635 2815 726 2861 secus
751 2793 874 2877 leceris
898 2793 1153 2876 indignationem
1183 2795 1297 2860 Nostri
1314 2793 1486 2876 Culminis,
1511 2801 1540 2859 et

418 2925 557 2990 persone
573 2911 626 2967 tue
644 2923 682 2966 ec
698 2903 840 2966 omnium
850 2900 1006 2965 bonorum
1017 2907 1146 2966 tuorum
1157 2937 1200 2948 -
1216 2936 1258 2948 -
1270 2938 1313 2947 —
1324 2939 1367 2948 —-
1377 2903 1540 2968 incurrere

416 3013 565 3090 dubitas;
582 3009 669 3093 quod
685 3006 902 3073 infallibiliter
913 3009 1101 3089 incurreres,
1112 3009 1138 3072 si
1156 3029 1218 3073 non
1231 3008 1408 3074 satisfieret
1425 3011 1537 3075 exinde

413 3122 496 3186 votis
521 3119 649 3183 nostris
674 3117 798 3182 Datum
824 3117 967 3200 Neapoli
993 3114 1070 3184 XV.
1088 3117 1171 3182 Maii
1204 3116 1311 3180 XIII.
1344 3117 1531 3183 indictionis

524 3263 560 3324 (Α
568 3262 865 3327 »RegistriAngioini«
874 3261 902 3311 G.
913 3261 1075 3325 ll.sz.Reg.
1084 3259 1181 3310 Karoli
1189 3260 1210 3309 I.
1218 3260 1362 3309 kotetebol
1373 3263 1536 3326 71.1.;u.0.)

414 3767 440 3828 Ι.
466 3765 591 3851 Koiroly
607 3737 866 3850 siciliai'kiruty
881 3763 988 3828 tudtdl
1005 3764 1088 3846 adju
1105 3763 1265 3839 dicetnek,
1290 3765 1370 3847 kopp
1397 3761 1536 3827 lzobcllu

413 3857 543 3941 leduydt
555 3855 630 3919 azotu
648 3857 732 3938 adju
749 3855 864 3918 Ldszlo‘
880 3853 1156 4007 bbrizlqffobiwdn
1182 3875 1322 3938 moqyor
1347 3851 1461 3936 kirtly
1475 3851 1536 3934 fid·

525 4085 810 4151 Justitiario
835 4084 999 4150 Sicilie
1023 4083 1146 4148 vltra
1169 4082 1334 4148 flumen
1359 4083 1533 4148 salsum.

525 4195 691 4278 Scriptum
707 4203 757 4260 est
773 4195 878 4259 eidem
898 4200 958 4259 eto.

520 4302 695 4368 Fidelitati
709 4309 765 4368 tue
782 4302 967 4367 nuntiamus
993 4300 1158 4385 gaudium,
1189 4319 1248 4362 nec
1279 4300 1387 4363 minus
1419 4320 1478 4384 per
1508 4305 1537 4362 te

412 4407 560 4473 volumus
576 4410 727 4477 fidelibus
743 4411 864 4476 nostris
881 4411 1010 4476 decreto
1025 4408 1089 4474 tibi
1104 4407 1277 4473 Prouincie
1294 4407 1445 4473 similiter
1460 4427 1536 4472 nun·

412 4515 499 4594 tisri,
519 4515 613 4580 velud
645 4517 924 4602 partecipantibus
956 4525 1067 4584 nostre
1102 4513 1311 4582 exultationis
1341 4515 1536 4582 incrementa
1605 4575 1606 4582 ,
