3222 5240
595 345 689 408 1333.
1142 351 1204 410 303

187 519 334 583 Roberto
352 519 390 582 de
407 519 537 584 Marino
564 541 625 604 pro
651 543 731 586 auro
748 529 778 586 et
795 529 930 606 argento
947 523 1079 589 haetuto
1095 527 1201 606 posito

79 629 112 690 in
128 627 281 709 predicto
299 625 480 706 contemno,
496 648 555 691 nec
571 649 633 691 non
649 627 815 694 bectitura
830 630 932 713 ipsius
976 668 1019 676 -
1050 632 1140 694 vneie
1156 631 1203 694 H.

190 731 346 797 Predieto
361 733 535 798 Dominieo
552 733 681 816 Bnyeni
698 756 758 816 pro
775 738 886 800 cannis
903 735 1033 802 XVIII
1043 744 1075 801 et
1085 737 1203 818 palmis

79 838 137 903 HI
154 839 222 902 tele
239 839 323 904 linee
340 840 492 922 incerate,
509 839 549 904 de
566 842 683 922 quibus
700 842 789 907 sueta
804 842 865 907 fuit
890 850 1025 926 seperta
1041 866 1111 923 rna,
1126 844 1205 908 libe-

76 953 152 1009 rata
185 969 246 1028 pro
278 946 517 1028 eohoperienda
550 947 638 1011 diota
668 948 775 1027 tende,
803 955 992 1032 computata
1013 949 1140 1015 facturn
1156 953 1202 1034 ip-

75 1056 142 1118 sius
222 1089 266 1100 —-
312 1091 355 1101 —
446 1089 489 1098 ——
551 1053 802 1118 vnciaItareni
821 1053 949 1121 XVIII
966 1077 1067 1139 gruna
1085 1056 1203 1124 VIIII.

182 1267 249 1331 Die
289 1267 425 1334 XVIII.
461 1267 624 1332 Ianuarii.
655 1267 813 1334 Nicolaus
845 1270 885 1334 de
920 1269 1023 1335 Alifia
1054 1271 1200 1336 Secretu-

74 1378 142 1441 rius
176 1375 281 1456 Regis
328 1374 468 1440 Reberti
515 1375 662 1439 mietitur
694 1376 737 1438 ad
768 1381 879 1459 partes
910 1378 1056 1460 Vngern'e
1089 1385 1121 1442 et
1146 1378 1201 1442 ha·

73 1484 127 1548 bet
176 1517 937 1533 ---------
984 1485 1092 1548 uncins
1103 1484 1202 1554 XVI.

183 1591 354 1680 Religiosn
386 1592 456 1655 viro
482 1590 578 1655 fratri
605 1589 684 1655 Vito
702 1588 837 1654 Ordinis
854 1591 1010 1655 Fratrum
1026 1593 1202 1674 Minorum‚

74 1697 321 1764 Ambussintori
338 1698 452 1763 Incliti
469 1698 590 1762 domini
605 1697 706 1780 Regis
734 1695 879 1780 Vngarie
905 1699 1146 1781 presentialiter
1162 1700 1202 1763 de

4 1795 5 1800 ἵ
73 1805 181 1890 Regio
199 1804 405 1887 beneplacito
421 1805 577 1886 rediture,
603 1825 685 1886 quas
711 1804 773 1868 sibi
799 1804 946 1870 dominus
971 1805 1044 1871 Rex
1060 1807 1201 1888 gratiose

74 1905 215 1978 deneuit
241 1913 351 1978 vneias
392 1959 1149 1980 ...............
1196 1978 1203 1994 ,

181 2021 247 2086 Die
264 2021 345 2084 XX.
362 2020 386 2084 J
389 2021 527 2104 anuarij.
543 2021 618 2085 Duo
636 2042 786 2085 cursores
801 2021 979 2085 mictuntur
997 2019 1202 2086 demandato

74 2128 182 2210 Regio
201 2130 236 2193 in
252 2126 445 2211 Vngeriem,
463 2134 496 2191 et
513 2127 630 2192 deinde
647 2129 681 2191 in
697 2128 929 2193 Alemanniem
946 2129 1006 2193 stb.

183 2290 219 2352 (A
236 2289 376 2355 ›Registri
389 2289 538 2353 Angioini«
555 2291 614 2338 289.
641 2305 678 2337 sz.
699 2289 766 2352 Reg.
779 2290 894 2339 Roberti
917 2289 958 2350 u,
973 2288 1054 2338 Ratio
1068 2288 1204 2339 Thesauri

75 2365 191 2412 61-87.
206 2363 235 2424 1.,
246 2376 278 2411 az
292 2364 366 2410 olesz
380 2362 432 2411 kir.
447 2361 558 2410 Grande
578 2361 766 2410 Archirieban
779 2361 963 2424 Nepolyban.)

608 2777 680 2844 314.

73 2941 277 3005 Aveienczei
293 2943 520 3025 kermdnynat·
536 2943 698 3006 ettasitn'sa
725 2965 746 3003 n
772 2941 987 3004 Dalmatiam
1004 2941 1130 3006 melden
1147 2943 1200 3007 te-

460 3061 522 3113 ·vete
541 3053 701 3112 ezrirnriru.
722 3050 817 3111 1333.

182 3207 284 3274 Anno
303 3208 437 3273 Domini
466 3205 774 3274 MCCCXXXIII.
790 3208 844 3272 die
860 3205 1018 3274 XXVII.
1048 3205 1200 3272 Februeii

73 3313 238 3398 Capta3
262 3313 366 3398 Super
392 3314 479 3380 fecto
506 3313 682 3397 Scerdone,
708 3317 746 3381 de
773 3337 835 3398 quo
860 3320 972 3380 noster
997 3313 1204 3382 Ambnxator

71 3423 165 3488 nobis
186 3444 246 3506 per
265 3423 391 3488 litteras
408 3444 483 3489 suas
500 3425 640 3506 scripsit,
657 3445 721 3488 uon
738 3423 868 3488 videtur
885 3420 1096 3504 sapientibus
1115 3423 1203 3504 qnod

73 3532 247 3596 occasione
274 3532 395 3596 domini
420 3531 520 3614 Regis
546 3532 702 3613 Vngarie,
728 3533 767 3596 de
787 3532 876 3595 euius
895 3528 936 3594 ad
953 3535 1062 3612 partes
1079 3531 1203 3596 meriti-

70 3645 139 3704 mat
157 3637 348 3720 divulgatur
363 3638 513 3719 adventu,
531 3640 573 3702 sit
590 3639 632 3702 ad
647 3659 777 3721 presens
794 3636 1062 3701 intromitendum
1079 3634 1202 3699 suctum

70 3747 190 3831 ipsum,
216 3767 257 3810 ne
282 3749 386 3830 possit
412 3745 502 3811 credi
528 3767 586 3829 per
612 3747 745 3827 aliquos
771 3743 859 3826 quod
874 3744 935 3807 hoe
950 3741 1043 3806 fieret
1058 3741 1092 3804 in
1108 3741 1203 3804 sinis-

68 3861 158 3922 trum
184 3854 236 3918 vei
262 3853 413 3919 iniuriam
439 3853 516 3918 dieti
537 3853 645 3935 Regis.
662 3851 713 3916 Ne
731 3858 841 3916 tamen
857 3851 1026 3915 videamur
1042 3849 1077 3912 in
1095 3852 1201 3912 totum

69 3985 88 4028 a
105 3963 294 4028 dintofaeto
312 3961 486 4041 discedere,
499 3960 660 4024 scribatur
677 3957 763 4022 dieto
781 3957 1007 4035 Ambaxatori‚
1024 3953 1111 4039 quod
1127 3971 1203 4016 cau.

68 4079 101 4137 te
128 4071 252 4136 sentiat
277 4093 298 4136 a
323 4069 450 4136 Gemite
469 4067 628 4145 Mindino,
646 4065 697 4129 vel
716 4065 756 4129 ab
780 4065 875 4145 alliis,
900 4064 985 4126 sicut
1003 4061 1063 4125 sibi
1079 4057 1199 4124 videbi-

68 4186 130 4260 tur,
159 4179 201 4244 de
226 4179 409 4242 intentione
435 4176 512 4240 dieti
538 4173 674 4238 Comitis
692 4171 843 4254 Mladint
860 4175 893 4235 et
911 4168 991 4250 quid
1015 4167 1202 4231 intenderet

70 4309 127 4352 nos
155 4286 217 4353 sibi
236 4284 392 4365 facturos,
407 4285 478 4368 ipso
496 4283 594 4346 dente
610 4281 702 4345 nobis
717 4279 824 4343 locum
840 4276 1033 4360 predictum.
1050 4273 1097 4337 Et
1115 4272 1202 4356 quod

69 4393 155 4458 idem
183 4415 217 4458 se
243 4393 361 4458 obtulit
377 4390 539 4457 inimicari
557 4389 645 4452 dicto
661 4386 851 4464 Budislaru
867 4386 893 4449 si
909 4385 979 4467 ipse
995 4379 1204 4446 Ambnxntor

70 4501 152 4566 nihil
172 4508 285 4586 posset
302 4501 448 4568 obtinere
466 4519 536 4564 cum
553 4495 679 4564 Gemite
696 4493 849 4578 Nelipnn
867 4493 986 4557 sentiat
1004 4489 1045 4557 ab
1062 4511 1110 4574 eu,
1128 4508 1204 4572 quo-
