3174 5236
396 373 460 438 152
749 373 986 426 announczmr
1001 356 1171 416 amaran.

397 546 584 632 quindecim
608 563 669 628 pro
705 543 850 622 quatuor
877 531 1111 618 guarnimentis
1137 528 1215 594 robe
1234 527 1275 591 de
1302 531 1371 591 sete
1387 525 1426 589 ad
1444 542 1511 606 opus

401 655 544 722 eiusdem
555 649 686 729 Karali,
697 649 766 714 cira
776 645 864 730 quod
874 643 999 708 nullum
1010 639 1171 705 oredimus
1186 635 1355 700 imminere
1371 631 1513 698 defectum

405 765 466 832 stb.
482 759 671 846 (ordinatio,
680 762 717 822 ut
727 755 939 840 provideant3
958 748 1171 815 Justitiarins
1189 743 1272 808 Bari
1291 739 1511 808 habetmanda-

400 879 471 938 tum
502 866 675 934 exhibendi
710 866 756 929 eis
788 863 830 928 ad
855 859 941 924 idem
966 877 1046 941 opus
1071 855 1181 922 vneias
1206 855 1278 918 auri
1313 847 1457 932 eentum.)
1478 847 1515 910 II

402 980 426 1046 J
430 979 488 1061 ulij
507 976 610 1042 XIII.
626 972 822 1038 indictionis.

513 1135 549 1201 (A
564 1135 646 1199 meg.
661 1131 810 1199 Angioinn
823 1132 853 1181 B.
868 1133 909 1178 117.
924 1142 960 1176 az.
974 1127 1034 1191 Reg
1047 1124 1143 1176 Ksroli
1156 1125 1192 1174 11.
1212 1124 1270 1174 ket.
1288 1125 1348 1170 315.
1362 1122 1388 1182 1.,
1401 1135 1426 1168 u.
1438 1111 1472 1190 o.)

890 1305 1049 1318 ...μ-ι-ι--ιι-ιυ

944 1487 1016 1548 189.

411 1660 459 1724 ΙΙ.
492 1656 618 1742 Ketroly
646 1651 776 1716 sieiliai
801 1648 913 1735 leirdly
940 1644 1060 1713 ana'ri
1085 1645 1236 1731 Gerqelyt
1268 1641 1519 1732 mapqororszo'qi

626 1769 742 1824 nemest
759 1753 1023 1822 adoaraokotoale
1043 1751 1149 1816 aeneai
1165 1753 1210 1817 lei.
1230 1755 1324 1818 1300.

519 1921 667 1987 Karolus
684 1923 744 1984 eto.
760 1923 873 1980 tenore
889 1913 1088 1998 presentium
1103 1915 1216 1976 notum
1231 1911 1367 1979 facimus
1383 1915 1521 1980 rniumsis

412 2053 525 2100 earum
541 2029 658 2094 seriem
673 2021 878 2114 inspecturis,
894 2020 981 2103 quod
997 2041 1057 2084 nos
1076 2019 1119 2083 ad
1135 2021 1313 2101 probitatis
1331 2030 1364 2087 et
1380 2021 1452 2087 fidei
1468 2043 1521 2086 me·

411 2142 479 2206 rita
495 2137 650 2220 Gregorij
670 2133 709 2197 de
726 2131 853 2197 Osvaar
877 2129 918 2192 de
935 2127 1110 2209 Hungeria
1126 2127 1240 2191 militis
1256 2127 1363 2195 fidelis
1380 2135 1412 2194 et
1426 2129 1521 2194 deuoti

415 2247 520 2312 nostri
536 2243 676 2325 benigne
693 2236 964 2304 eonsiderationis
995 2233 1149 2298 intuitum
1176 2235 1363 2320 dirigentes,
1387 2235 1522 2320 ipsumin

417 2353 555 2420 militem
571 2355 603 2414 et
617 2346 813 2412 familiarem
828 2348 974 2409 nostrum
991 2341 1134 2424 gratiose
1161 2342 1356 2427 recipimus,
1381 2349 1412 2408 et
1428 2344 1465 2410 de
1478 2365 1522 2408 no·

418 2468 487 2527 stro
502 2458 646 2542 hospitio
672 2455 856 2520 retinemus·
887 2447 1054 2528 Volentes,
1068 2453 1102 2514 vt
1127 2448 1169 2514 ab
1194 2449 1390 2517 offioislibus
1406 2451 1523 2533 singulis

417 2569 603 2650 nostrisque
619 2562 772 2629 fidelibus
788 2567 947 2640 tanquam
962 2557 1054 2622 miles
1071 2561 1105 2622 et
1121 2554 1293 2623 familiaris
1323 2565 1434 2625 noster
1448 2563 1478 2624 et
1492 2558 1524 2622 de

418 2683 531 2744 nostro
547 2673 691 2757 hospitio
722 2666 890 2734 curialiter
921 2669 1151 2748 pertractetur.
1179 2664 1220 2728 In
1237 2666 1327 2732 ouius
1344 2669 1391 2734 rei
1400 2668 1523 2732 testimo

420 2787 510 2852 nium
540 2784 708 2866 presentes
739 2776 872 2842 listerus
902 2773 974 2838 fieri
999 2779 1033 2837 et
1063 2771 1219 2856 pendenti
1233 2774 1342 2858 sigillo
1360 2775 1524 2842 Maiestatis

420 2890 544 2958 Nostro
558 2889 715 2974 jussimus
731 2881 932 2948 communiri.
949 2879 1074 2944 Datum
1090 2879 1232 2963 Neapoli
1248 2902 1307 2964 per
1323 2882 1362 2947 B.
1380 2881 1418 2948 de
1429 2881 1524 2964 Capua

420 3000 556 3066 militem
571 3001 631 3062 ete.
648 2994 699 3059 die
715 2991 763 3056 ΙΙ.
781 2989 806 3054 J
807 2989 865 3074 ulij
883 2985 989 3054 XIII.
1005 2986 1203 3052 indictionis.
1260 3037 1262 3041 .

401 3166 405 3170 “
425 3135 428 3145 ¹
529 3158 564 3221 (Α
579 3157 664 3223 »Reg.
678 3149 829 3220 Angioinic
844 3152 876 3200 B.
892 3153 934 3198 97.
947 3163 984 3198 sz.
999 3149 1066 3212 Bag.
1080 3149 1176 3199 Keroll
1189 3149 1224 3198 11.
1238 3149 1294 3200 ket
1312 3142 1491 3215 311.1.,u.0.)

906 3325 1065 3337 ..-----

874 3573 878 3580 .
951 3527 1023 3586 199.

471 3697 519 3761 ΙΙ.
536 3692 660 3778 Keiroly
676 3689 802 3754 eicitioi
826 3685 938 3770 kiroly
962 3684 1089 3768 plezza
1105 3688 1201 3774 sopiti
1216 3690 1375 3777 aaokdjrtt
1390 3692 1494 3756 Botert

867 3792 1011 3878 Kdrolyt.
1029 3795 1123 3858 1300.

535 3957 726 4027 Justitiario
742 3953 844 4019 'Perre
860 3951 952 4032 Bari,
969 3951 1056 4032 quod
1081 3953 1125 4018 ad
1150 3957 1398 4038 requisitionem
1420 3955 1528 4038 Nicolaj
1574 3961 1575 3964 ’

395 4083 397 4090 ’
429 4075 469 4141 de
485 4069 641 4155 Imperia,
672 4061 804 4145 Nicolaj
838 4057 1018 4141 Oaraezulj,
1044 4066 1077 4125 et
1096 4061 1188 4126 Petri
1204 4064 1314 4131 Pititti
1330 4067 1447 4134 Passus
1462 4062 1527 4130 mili·

429 4187 508 4262 tum,
524 4177 763 4261 Magistrorum
780 4165 930 4249 Hospitii
944 4163 1065 4231 Koroli
1084 4168 1123 4233 de
1133 4169 1286 4252 Vngaria
1312 4177 1457 4242 exhibeat
1472 4171 1528 4238 Ma-

395 4289 400 4298 '
430 4289 532 4372 gistro
547 4287 571 4354 J
573 4283 693 4351 ohanni
708 4274 929 4345 Thesaurario
945 4274 1089 4340 eiusdem
1113 4275 1234 4345 Karoli
1259 4303 1319 4365 pro
1336 4283 1473 4368 expensis
1486 4279 1530 4342 ho·

332 4429 337 4438 ·
432 4396 519 4481 spitij
538 4395 586 4460 sui
603 4392 714 4459 vneias
731 4387 803 4454 suri
818 4388 957 4451 eentum.
973 4383 1042 4450 ΠΙ.
1058 4386 1140 4473 Julij
1159 4385 1265 4458 XIII
1292 4391 1477 4458 indictionis.

545 4553 581 4626 (A
597 4558 680 4622 meg.
695 4549 843 4626 ungrani«
858 4548 890 4598 B·
906 4551 964 4601 108.
978 4553 1094 4618 azaer.
1108 4558 1253 4609 Karoura
1267 4558 1326 4608 sot.
1340 4552 1501 4616 roomo.)

871 4718 1031 4736 Μ
