3170 5234
397 329 461 392 242
749 345 983 392 oreaoimczmr
999 337 1165 394 amarer.

397 513 467 589 pro'
483 506 606 571 tarenis
630 503 748 570 tribus.
767 501 918 570 Cassiam
937 527 1032 571 enam
1052 505 1092 570 de
1107 505 1197 590 liguo
1214 509 1306 574 nucis
1321 530 1382 592 pro
1408 507 1511 575 tarenis

398 619 521 697 septem
546 613 657 696 grauis
683 613 804 680 decem.
831 611 968 680 Scrinea
993 614 1057 679 duo
1073 614 1114 679 (16
1130 635 1230 698 opere
1246 614 1354 681 Adrie
1371 622 1474 682 vetera
1487 625 1514 682 et

396 741 502 804 parua
523 727 708 787 excuectam
728 741 824 787 unam
844 722 884 786 de
899 721 997 787 ebore
1014 741 1073 804 pro
1090 720 1314 804 pugillaribus
1332 743 1392 814 pro
1407 726 1513 789 tarenis

398 827 534 897 duobus.
560 829 646 895 Item
670 828 806 895 Matheo
824 829 865 894 (16
881 829 1009 912 Lupinc
1026 831 1137 912 pecias
1153 829 1236 894 duas
1252 830 1370 913 viginti
1387 838 1513 897 coverte

397 940 519 1003 riorum
531 937 571 1003 de
588 937 655 1003 lino
672 939 843 1003 extimatas
859 945 994 1004 tarenos
1011 937 1126 1022 viginti
1149 956 1211 1021 pro
1226 939 1350 1004 tarenis
1366 939 1515 1012 tredecim.

399 1045 566 1129 Corrigias
576 1053 717 1129 quatuor
733 1048 876 1111 munitas
888 1047 928 1111 de
945 1052 1080 1130 argento
1096 1067 1155 1130 pro
1171 1047 1266 1111 uncia
1282 1069 1345 1112 vna
1360 1054 1393 1114 et
1407 1049 1516 1115 tarenis

398 1156 556 1222 undecim.
567 1155 620 1220 De
631 1156 720 1240 ligpo
741 1156 830 1222 aloes
847 1156 881 1220 in
907 1154 1017 1220 frusto
1033 1154 1181 1219 inuoluto
1192 1153 1227 1217 in
1237 1177 1299 1221 ena
1312 1164 1405 1223 carta
1420 1179 1476 1240 pro
1489 1163 1530 1240 ta,

399 1264 485 1330 renis
497 1264 615 1329 decem.
626 1262 711 1327 Item
721 1262 876 1328 Petrucio
889 1263 928 1327 de
938 1262 1031 1328 Luca
1041 1259 1175 1326 bursam
1188 1284 1283 1329 viram
1296 1284 1369 1329 cum
1378 1267 1526 1349 aurufris0

399 1372 439 1436 de
455 1369 659 1454 bisectispro
679 1369 802 1434 tarenis
815 1370 964 1454 quinque.
984 1367 1127 1434 Condati
1144 1369 1236 1435 rubei
1263 1393 1386 1439 cannas
1402 1375 1479 1440 duas
1501 1383 1529 1442 et

399 1479 539 1545 mediam
563 1499 624 1562 pro
644 1479 737 1543 vncia
764 1497 842 1545 vna.
870 1474 1012 1542 Oeudati
1040 1476 1107 1542 albi
1135 1499 1257 1544 cannas
1281 1481 1424 1564 quinque
1440 1489 1529 1550 etma

399 1587 489 1653 diam
498 1609 558 1671 pro
571 1587 663 1652 vncia
679 1607 744 1651 vna
759 1586 885 1651 tarenis
898 1593 984 1651 octo.
994 1585 1120 1650 Parum
1130 1586 1170 1650 de
1179 1587 1284 1654 serico
1293 1589 1396 1656 rubeo
1412 1593 1529 1657 extima·

399 1703 469 1761 tum
479 1702 628 1761 toronum
638 1717 733 1760 vnum
743 1701 775 1758 61
784 1713 890 1778 graua
900 1693 1011 1759 decem
1023 1716 1083 1778 pro
1095 1701 1222 1762 tareno
1238 1717 1312 1762 uuo.
1329 1697 1473 1766 Fibellas
1486 1719 1531 1764 sex

400 1803 442 1868 de
453 1809 588 1885 argento
601 1823 672 1867 cum
682 1801 845 1884 lapidibus
856 1802 968 1866 vitreis
985 1823 1026 1867 ex
1035 1803 1174 1867 limatas
1184 1810 1317 1869 tarenos
1328 1825 1385 1870 sex
1395 1813 1530 1889 protare

400 1912 450 1977 nis
460 1912 601 1995 quinque
612 1917 645 1973 et
655 1909 765 1993 granis
776 1909 896 1974 decem.
918 1907 1083 1974 Scutellas
1094 1915 1164 1974 tres
1176 1911 1217 1975 de
1227 1918 1366 1994 argento
1376 1912 1527 1978 smaltatas

400 2021 574 2086 estimatae
609 2026 759 2084 tarenum
790 2041 886 2083 vnum
919 2025 952 2082 ct
969 2039 1086 2102 ¹grana
1112 2017 1224 2084 decem
1250 2041 1310 2104 pro
1327 2027 1442 2087 tareno
1467 2039 1525 2096 vno,

400 2129 485 2194 Item
496 2129 619 2194 Enrico
630 2124 772 2195 deValle
784 2127 939 2192 scutifero
951 2126 1074 2212 prefati
1091 2127 1217 2193 domini
1227 2127 1328 2194 Ducis
1344 2131 1457 2194 retalia
1475 2128 1527 2192 duo

400 2236 440 2302 de
466 2237 617 2304 sammito
643 2235 758 2318 jolico,
780 2255 843 2318 que
864 2235 995 2318 scripta
1012 2242 1106 2300 erant
1122 2236 1157 2299 in
1173 2237 1330 2319 introytu,
1342 2258 1458 2302 cannas
1472 2243 1530 2300 tres

400 2349 434 2406 et
457 2344 586 2427 palmos
614 2342 705 2424 duca,
730 2344 763 2407 in
783 2341 902 2424 quibus
923 2341 1106 2407 deficiebat
1125 2342 1315 2426 paralissum
1331 2351 1448 2428 quarta
1462 2363 1528 2426 pars

401 2451 562 2518 extimata
573 2451 681 2518 incias
691 2451 834 2534 quinque
845 2470 905 2534 pro
926 2451 1029 2514 euciis
1045 2457 1195 2536 quatuor.
1215 2451 1300 2516 Item
1318 2449 1528 2516 Constantino

404 2560 565 2642 speciario
577 2559 616 2624 de
632 2559 748 2624 ambra
757 2558 877 2623 libram
888 2580 985 2624 enam
996 2564 1030 2623 et
1041 2558 1153 2624 uncias
1170 2559 1251 2624 duas
1268 2559 1302 2623 in
1319 2558 1460 2642 pondere
1475 2577 1528 2641 pro

360 2685 366 2693 '
404 2667 507 2732 unciis
534 2672 608 2732 octo
619 2675 652 2732 et
667 2666 791 2732 tarenis
808 2664 987 2730 duodecim.
1003 2666 1102 2749 Ligni
1118 2667 1207 2734 aloes
1222 2667 1256 2730 in
1272 2667 1418 2749 pondere
1434 2665 1527 2730 libras

405 2781 546 2858 quatuor
557 2796 619 2858 pro
631 2774 729 2839 vnclis
739 2772 876 2839 duabus.
888 2770 940 2838 De
950 2793 1061 2838 musco
1078 2773 1168 2858 quod
1182 2772 1248 2840 fuit
1262 2765 1395 2839 lurdur'n
1411 2775 1443 2840 in
1458 2793 1528 2857 pon·

407 2882 483 2948 dere
494 2882 604 2946 uncias
615 2881 697 2946 duas
708 2901 768 2964 pro
785 2882 878 2947 uncia
894 2902 961 2945 una
977 2886 1012 2944 et
1027 2880 1152 2947 tarenis
1167 2881 1294 2963 viginti.
1309 2880 1396 2947 Item
1411 2879 1524 2963 Magis-

404 2996 457 3056 tro
468 2990 598 3057 Milicto
615 2989 784 3056 aurifabro
800 2989 904 3054 libras
921 2995 989 3054 tres
1007 2987 1047 3053 (16
1057 2987 1193 3055 voratbe
1203 3009 1264 3072 pro
1275 2991 1403 3055 tarenis
1420 2987 1525 3072 viginti

404 3121 477 3165 uno.
489 3097 628 3164 Pomum
647 3099 687 3163 de
713 3103 848 3182 argento
868 3097 1061 3182 nigellatum
1077 3119 1138 3182 pro
1154 3098 1261 3163 unciis
1286 3098 1423 3163 duabus
1451 3097 1526 3160 Item

407 3207 553 3291 Rogerio
580 3205 619 3271 de
646 3205 785 3272 Salerno
806 3205 966 3271 hostiario
983 3212 1016 3271 61
1030 3206 1186 3272 familiari
1203 3205 1283 3272 dicti
1299 3207 1422 3272 domini
1437 3204 1527 3269 Ducis

403 3317 560 3381 lacettum
571 3314 719 3380 vnumad
729 3314 934 3398 cingendum,
945 3321 978 3378 61
993 3314 1146 3399 laqueum
1162 3336 1222 3399 pro
1239 3314 1365 3399 capello
1382 3316 1422 3380 de
1436 3313 1526 3379 serico

405 3444 464 3508 pro
479 3423 603 3489 tarenis
635 3423 751 3488 tribus.
778 3422 865 3487 Item
881 3421 1011 3505 prelato
1029 3421 1224 3506 Raymundo
1240 3422 1449 3488 thesaurario
1463 3441 1526 3506 yro

404 3555 480 3598 nam
506 3553 606 3598 unam
632 3553 705 3595 cum
729 3530 834 3596 tribus
850 3530 973 3595 tabulis
990 3530 1031 3595 de
1048 3538 1186 3615 argento
1203 3531 1363 3596 deaurato
1381 3551 1452 3596 cum
1467 3528 1527 3592 dia·

405 3641 590 3708 domatibus
607 3639 647 3705 de
664 3662 744 3705 auro
762 3646 796 3704 et
811 3639 976 3721 lapidibus
1007 3639 1165 3722 preciosis
1195 3660 1256 3722 pro
1282 3639 1385 3704 unciis
1416 3637 1527 3722 viginta

407 3749 520 3836 Syfum
538 3770 635 3814 vuum
651 3769 724 3813 oum
739 3748 911 3830 coperculo
922 3747 962 3812 (16
973 3747 1089 3812 madro
1106 3769 1166 3830 pro
1176 3747 1300 3812 tarenis
1316 3747 1436 3812 decem
1451 3745 1527 3812 Scri·

405 3880 502 3934 neum
517 3881 613 3923 vnum
629 3857 669 3922 de
684 3862 821 3940 argento
846 3856 1005 3922 deaurato
1022 3863 1056 3922 et
1071 3857 1284 3940 yemaltatum
1299 3857 1333 3920 in
1349 3862 1444 3939 parte
1458 3875 1527 3940 pon·

407 3969 493 4034 deris
510 3968 668 4032 librarum
693 3964 832 4031 sedecim
850 3966 1042 4031 estimatum
1072 3966 1185 4030 uncias
1202 3965 1460 4048 vigintiquatuor
1474 3983 1527 4048 pro

407 4079 512 4143 unciis
528 4076 645 4158 viginti
670 4093 731 4140 vno
756 4079 789 4137 et
815 4074 937 4138 tarenis
963 4073 1158 4156 quindecim.
1186 4072 1347 4138 Zeffirum
1364 4096 1461 4140 vnum
1474 4092 1527 4158 pro

407 4184 508 4249 oculis
523 4184 685 4249 munitum
716 4201 797 4246 auro
828 4203 889 4264 pro
920 4181 1013 4247 uncia
1045 4204 1118 4248 vna.
1138 4179 1264 4247 Aozuri
1281 4180 1527 4248 ultramariniin

408 4292 549 4376 pondere
565 4292 684 4357 libram
700 4312 795 4354 enam
812 4290 1002 4355 extimatam
1019 4289 1129 4356 vncias
1147 4289 1268 4372 decem,
1284 4290 1363 4372 quia
1373 4312 1437 4356 non
1451 4290 1526 4353 inre·

409 4398 582 4465 niebantur
599 4406 773 4482 emptores,
789 4397 829 4461 de
855 4419 942 4463 nouo
969 4399 1164 4464 estimatum
1180 4398 1244 4462 fuit
1269 4419 1328 4481 per
1352 4397 1378 4462 J
1381 4398 1529 4463 ohannem

411 4505 561 4592 Crispum
579 4517 611 4571 et
627 4506 839 4573 'I'homasium
869 4509 1049 4590 speciarios
1065 4530 1127 4594 pro
1143 4508 1245 4575 euciis
1263 4507 1392 4575 duabus
1407 4513 1441 4572 61
1455 4513 1529 4570 tare
