3174 5236
1 15 337 210 ,-

568 359 664 442 msa
1115 349 1179 440 le'e

585 557 658 620 155.

64 681 245 748 Nocerdban
259 680 376 746 takozo
391 682 660 768 mapycrorszdpi
675 679 768 743 Pa'ter
783 678 993 744 kincoeztetilc
1009 681 1177 746 remcaret

479 771 629 836 biedcan.
649 773 743 836 1296.

158 891 324 979 Scriptum
334 897 385 961 est
393 893 418 958 J
419 892 506 959 udioi
521 892 622 960 Petro
640 893 777 978 Vngaro
795 893 834 958 de
850 891 996 959 Nuceria
1012 899 1071 959 etc.

158 1002 208 1067 De
232 1001 297 1068 fide
322 1008 356 1067 et
380 1003 547 1084 legalitate
573 1009 630 1067 tua
655 1002 842 1067 testimonio
859 1001 967 1067 laudis
983 1007 1129 1088 accepto,
1147 1007 1179 1069 tc

63 1108 204 1177 Judicem
221 1116 255 1176 et
270 1106 481 1176 Assessorem
498 1109 586 1193 apud
597 1109 733 1176 Petrum
743 1109 971 1176 Lembordum
982 1109 1179 1176 familiarem

62 1223 90 1284 et
110 1217 237 1283 fidelem
262 1223 421 1299 nostrum,
441 1214 657 1300 capitaneum
676 1215 834 1284 Ciuitatis
853 1217 1003 1284 Surrenti
1029 1217 1180 1284 duximus

63 1335 155 1410 usque
183 1325 227 1390 ad
243 1332 391 1390 nostrum
415 1325 657 1408 beneplacitum
682 1324 917 1390 ordinandum:
944 1325 1099 1391 fidelitati
1124 1331 1179 1391 tue

63 1433 253 1514 mandantes,
265 1438 426 1516 quatenus
436 1432 479 1498 ad
489 1433 654 1498 ciuitatem
670 1435 774 1516 ipsam
789 1441 823 1498 te
839 1433 1058 1517 personaliter
1074 1433 1181 1500 conie-

66 1558 139 1622 rens,
164 1540 212 1605 sic
238 1540 358 1605 dictum
383 1535 537 1605 Officium
562 1537 750 1606 Assessorie
770 1547 803 1606 et
819 1540 996 1608 Judicatus
1012 1547 1182 1624 aputeum

64 1647 194 1713 fideliter
219 1653 252 1712 et
267 1648 444 1732 diligenter
460 1649 593 1714 studeas
610 1667 768 1728 exercere,
785 1649 872 1732 qnod
889 1655 963 1713 tuus
978 1649 1011 1712 in
1028 1649 1090 1714 hoc
1106 1671 1181 1734 pro-

2 1754 4 1758 '
19 1809 22 1816 .
65 1776 162 1824 cesam
173 1756 350 1823 laudabilis
362 1757 495 1840 dignum
509 1763 541 1822 te
552 1759 594 1823 ad
604 1759 731 1823 maiora
747 1763 904 1838 testetnr;
920 1758 1005 1824 sicut
1020 1757 1054 1822 in
1069 1763 1183 1824 nostra

65 1863 155 1930 oms
173 1866 349 1948 prestitisti
368 1866 538 1950 corporale
549 1865 726 1932 adSsucta
741 1866 804 1931 Dei
820 1864 1004 1946 Euangelia
1016 1867 1182 1952 juramen·

2 1959 3 2042 l
63 1977 131 2036 tum.
157 1974 204 2039 Et
228 1994 313 2053 ecce,
336 1994 396 2057 per
421 1974 504 2039 alias
530 1980 661 2042 nostras
686 1975 818 2041 lieteras
845 1972 1027 2057 Capitsnco
1052 1972 1182 2059 prelato

2 2094 4 2103 “
65 2081 259 2164 precipimus,
283 2085 321 2146 ut
345 2087 379 2147 tc
395 2082 438 2147 ad
455 2080 578 2146 dictum
596 2081 750 2150 Officium
766 2081 904 2165 recipiat
919 2086 953 2148 et
968 2080 1089 2147 debeat
1105 2081 1183 2145 reti·

2 2190 4 2276 l

12 3083 14 3090 ι

7 3131 9 3138 ι

7 3139 9 3152 l

7 3155 8 3162 ι

8 3281 10 3296 l

9 3333 11 3347 l

12 3755 14 3787 l

14 3947 17 4038 l

66 2207 149 2270 nere;
174 2190 274 2272 gagia
298 2210 377 2254 uero
403 2194 460 2255 tna
483 2211 544 2274 per
563 2189 647 2255 alias
672 2198 803 2256 nostras
818 2190 950 2255 lieteras
967 2187 1184 2255 declaramus.

67 2291 179 2363 Datum
190 2296 334 2381 Neapoli
343 2318 402 2381 per
411 2297 608 2381 Magistrum
626 2297 763 2364 Petrum
779 2298 820 2363 de
834 2297 997 2380 Ferrerijs
1013 2297 1184 2362 Decanum

68 2399 266 2474 Aniciensem
292 2409 352 2470 etc.
378 2405 431 2470 die
457 2403 503 2470 X.
520 2401 649 2489 Aprilis
665 2403 785 2471 VIIII.
801 2403 997 2470 indictionis.

163 2587 199 2647 (Δ
214 2587 298 2651 »Bag
312 2585 461 2650 Angioini‹
476 2585 508 2638 B.
523 2589 564 2636 76.
578 2601 615 2638 sa.
628 2587 695 2652 ch.
709 2585 806 2638 Karoli
819 2587 854 2636 ΙΙ.
869 2586 926 2636 not.
944 2589 1002 2636 139.
1016 2585 1071 2638 lev.
1083 2603 1090 2652 ς
1103 2599 1129 2637 ιι.
1145 2587 1188 2649 ο.)

595 2931 666 2994 156.

68 3046 171 3119 Mu‘rt'c
193 3049 322 3119 sicilici
346 3049 571 3138 kirdlpatnalc
603 3045 799 3116 iatc'zlcedc'se
826 3051 957 3138 elbdnyt
972 3051 1026 3137 fia
1050 3046 1185 3118 Martell

289 3143 416 3230 Kdrolp
440 3143 625 3229 bapyotdlca
649 3143 841 3229 tdrpydbaa.
868 3147 963 3208 1296.

165 3262 233 3334 Pro
252 3264 364 3350 Curia,
389 3272 423 3331 et
448 3264 683 3332 distribuendis
709 3266 964 3349 supellectilibus
987 3288 1048 3350 pro
1076 3267 1188 3334 anima

71 3365 181 3440 domini
195 3374 300 3458 Regis
316 3374 470 3458 Vagarie.

166 3483 279 3550 Maria
294 3481 493 3566 Jerusalem,
509 3479 621 3548 Sicilie
638 3475 851 3567 Vngarieque
867 3483 1005 3569 Regina.

165 3589 333 3676 Scriptum
358 3597 409 3657 est
432 3591 594 3674 religiosis
620 3591 696 3656 viris
722 3591 820 3657 fratri
846 3591 983 3656 Matheo
1001 3589 1041 3656 de
1057 3585 1190 3657 Auersa

70 3691 167 3762 Priori
182 3697 341 3764 Fratrum
356 3696 612 3764 Predicatorum
627 3699 691 3764 loci
708 3697 822 3764 Sancti
848 3698 1025 3780 Dominici,
1041 3705 1076 3763 et
1092 3697 1189 3765 fratri

71 3801 235 3873 lbsncisco
254 3805 448 3872 Gusrdiano
464 3806 619 3872 Fratrum
634 3806 803 3874 Minorum
814 3807 877 3873 loci
894 3806 1007 3875 Sancti
1017 3805 1190 3892 Laurentij

72 3909 106 3977 de
119 3911 277 3998 Neapoli3
292 3912 395 3981 Petro
412 3914 564 3998 Brcherij
591 3915 699 3997 militi,
725 3921 758 3980 et
783 3915 949 4000 Magistro
975 3911 1134 3981 Alberico
1151 3913 1192 3981 de

72 4015 220 4088 Uerberia
235 4021 403 4090 canonico
419 4017 594 4088 Treccensi
609 4021 829 4088 familiaribus
846 4024 912 4088 suis
929 4027 989 4087 etc.

167 4129 312 4196 Multum
327 4129 449 4195 insidet
464 4130 556 4196 cordi
571 4135 692 4210 nostro,
708 4130 797 4213 qued
812 4129 934 4212 debita,
957 4151 1019 4212 que
1035 4149 1095 4214 per
1110 4131 1193 4198 bone

72 4239 215 4303 memorie
246 4235 410 4304 Karolum
434 4237 688 4321 primogenitum
714 4242 864 4302 nostrum
891 4235 1019 4319 Regem
1045 4232 1195 4323 Vngarie

77 4345 165 4410 certis
181 4343 403 4412 creditoribus
419 4341 633 4424 debebantur,
650 4365 710 4428 pro
727 4344 833 4410 salute
853 4346 958 4410 anime
975 4345 1077 4430 Regis
1086 4347 1194 4430 ipsius

76 4452 282 4521 creditoribus
292 4451 372 4538 ipsis
398 4453 529 4518 restitui
554 4452 704 4533 debeant,
729 4453 819 4521 etde
846 4454 1104 4539 supellectilibus
1129 4453 1197 4524 suis

77 4561 211 4628 omnibus
226 4562 377 4646 personis
402 4561 535 4645 hospitij
552 4563 602 4626 sui
628 4562 848 4646 benemeritis,
864 4563 1005 4648 alijsque
1021 4563 1199 4652 condignis,

112 4679 206 4718 uorum
224 4679 308 4716 nunc.
323 4679 390 4717 nrsr.
406 4689 450 4700 -
466 4681 532 4716 acm
549 4679 609 4719 arr.
625 4681 643 4715 1.
1070 4659 1089 4720 9
