<?xml version="1.0" encoding="UTF-8"?>
<!DOCTYPE html PUBLIC "-//W3C//DTD XHTML 1.0 Transitional//EN"
    "http://www.w3.org/TR/xhtml1/DTD/xhtml1-transitional.dtd">
<html xmlns="http://www.w3.org/1999/xhtml" xml:lang="en" lang="en">
 <head>
  <title>
</title>
<meta http-equiv="Content-Type" content="text/html;charset=utf-8" />
  <meta name='ocr-system' content='tesseract 3.04.00' />
  <meta name='ocr-capabilities' content='ocr_page ocr_carea ocr_par ocr_line ocrx_word'/>
</head>
<body>
  <div class='ocr_page' id='page_1' title='image "./magyardiplomacz02wenzgoog_0059.png"; bbox 0 0 3234 5238; ppageno 0'>
   <div class='ocr_carea' id='block_1_1' title="bbox 634 345 1251 430">
    <p class='ocr_par' dir='ltr' id='par_1_1' title="bbox 634 345 1251 430">
     <span class='ocr_line' id='line_1_1' title="bbox 634 345 1251 430; baseline 0.003 -24"><span class='ocrx_word' id='word_1_1' title='bbox 634 345 729 406; x_wconf 79' lang='lat' dir='ltr'>rece.</span> <span class='ocrx_word' id='word_1_2' title='bbox 1171 425 1175 430; x_wconf 21' lang='lat'><strong>¹</strong></span> <span class='ocrx_word' id='word_1_3' title='bbox 1210 347 1251 408; x_wconf 79' lang='lat' dir='ltr'>rs</span> 
     </span>
    </p>
   </div>
   <div class='ocr_carea' id='block_1_2' title="bbox 129 511 1251 710">
    <p class='ocr_par' dir='ltr' id='par_1_2' title="bbox 129 511 1251 710">
     <span class='ocr_line' id='line_1_2' title="bbox 130 511 1251 602; baseline 0.009 -27"><span class='ocrx_word' id='word_1_4' title='bbox 130 511 211 576; x_wconf 89' lang='lat' dir='ltr'>bona</span> <span class='ocrx_word' id='word_1_5' title='bbox 225 511 287 576; x_wconf 90' lang='lat' dir='ltr'>fide</span> <span class='ocrx_word' id='word_1_6' title='bbox 311 513 471 581; x_wconf 88' lang='lat' dir='ltr'>adiuuare</span> <span class='ocrx_word' id='word_1_7' title='bbox 498 525 531 582; x_wconf 88' lang='lat' dir='ltr'>et</span> <span class='ocrx_word' id='word_1_8' title='bbox 546 517 722 584; x_wconf 80' lang='lat' dir='ltr'><strong>defendere</strong></span> <span class='ocrx_word' id='word_1_9' title='bbox 746 524 860 585; x_wconf 86' lang='lat' dir='ltr'>contra</span> <span class='ocrx_word' id='word_1_10' title='bbox 885 538 997 583; x_wconf 87' lang='lat' dir='ltr'>omnes</span> <span class='ocrx_word' id='word_1_11' title='bbox 1023 518 1193 602; x_wconf 83' lang='lat' dir='ltr'>Principes</span> <span class='ocrx_word' id='word_1_12' title='bbox 1219 527 1251 585; x_wconf 87' lang='lat' dir='ltr'>et</span> 
     </span>
     <span class='ocr_line' id='line_1_3' title="bbox 129 613 1251 710; baseline 0.008 -27"><span class='ocrx_word' id='word_1_13' title='bbox 129 613 280 700; x_wconf 84' lang='lat' dir='ltr'>Berones,</span> <span class='ocrx_word' id='word_1_14' title='bbox 296 625 330 688; x_wconf 89' lang='lat' dir='ltr'>et</span> <span class='ocrx_word' id='word_1_15' title='bbox 345 622 475 706; x_wconf 82' lang='lat' dir='ltr'><strong>milites,</strong></span> <span class='ocrx_word' id='word_1_16' title='bbox 502 632 536 691; x_wconf 87' lang='lat' dir='ltr'>et</span> <span class='ocrx_word' id='word_1_17' title='bbox 559 647 671 692; x_wconf 86' lang='lat' dir='ltr'>omnes</span> <span class='ocrx_word' id='word_1_18' title='bbox 696 626 844 692; x_wconf 90' lang='lat' dir='ltr'>homines</span> <span class='ocrx_word' id='word_1_19' title='bbox 870 626 927 710; x_wconf 89' lang='lat' dir='ltr'>qui</span> <span class='ocrx_word' id='word_1_20' title='bbox 944 632 1039 692; x_wconf 89' lang='lat' dir='ltr'>erunt</span> <span class='ocrx_word' id='word_1_21' title='bbox 1054 626 1178 692; x_wconf 90' lang='lat' dir='ltr'>inimici</span> <span class='ocrx_word' id='word_1_22' title='bbox 1194 627 1251 707; x_wconf 91' lang='lat' dir='ltr'>sui,</span> 
     </span>
    </p>
   </div>
   <div class='ocr_carea' id='block_1_3' title="bbox 129 726 1252 819">
    <p class='ocr_par' dir='ltr' id='par_1_3' title="bbox 129 726 1252 819">
     <span class='ocr_line' id='line_1_4' title="bbox 129 726 1252 819; baseline 0.011 -28"><span class='ocrx_word' id='word_1_23' title='bbox 129 733 160 792; x_wconf 90' lang='lat' dir='ltr'>et</span> <span class='ocrx_word' id='word_1_24' title='bbox 174 726 279 794; x_wconf 87' lang='lat' dir='ltr'>facere</span> <span class='ocrx_word' id='word_1_25' title='bbox 295 729 343 796; x_wconf 91' lang='lat' dir='ltr'>eis</span> <span class='ocrx_word' id='word_1_26' title='bbox 367 731 475 800; x_wconf 84' lang='lat' dir='ltr'>vinam</span> <span class='ocrx_word' id='word_1_27' title='bbox 491 755 654 818; x_wconf 79' lang='lat' dir='ltr'>guerram,</span> <span class='ocrx_word' id='word_1_28' title='bbox 680 742 714 801; x_wconf 91' lang='lat' dir='ltr'>et</span> <span class='ocrx_word' id='word_1_29' title='bbox 728 758 792 802; x_wconf 92' lang='lat' dir='ltr'>non</span> <span class='ocrx_word' id='word_1_30' title='bbox 817 734 925 800; x_wconf 84' lang='lat' dir='ltr'>faeere</span> <span class='ocrx_word' id='word_1_31' title='bbox 956 733 1031 800; x_wconf 89' lang='lat' dir='ltr'>inde</span> <span class='ocrx_word' id='word_1_32' title='bbox 1047 757 1171 819; x_wconf 87' lang='lat' dir='ltr'>pacem,</span> <span class='ocrx_word' id='word_1_33' title='bbox 1192 757 1252 803; x_wconf 90' lang='lat' dir='ltr'>nee</span> 
     </span>
    </p>
   </div>
   <div class='ocr_carea' id='block_1_4' title="bbox 125 841 1253 3660">
    <p class='ocr_par' dir='ltr' id='par_1_4' title="bbox 125 841 1253 3392">
     <span class='ocr_line' id='line_1_5' title="bbox 129 841 1252 925; baseline 0.01 -26"><span class='ocrx_word' id='word_1_34' title='bbox 129 841 304 919; x_wconf 77' lang='lat' dir='ltr'>treuguam,</span> <span class='ocrx_word' id='word_1_35' title='bbox 320 859 380 904; x_wconf 91' lang='lat' dir='ltr'>nec</span> <span class='ocrx_word' id='word_1_36' title='bbox 395 861 548 924; x_wconf 82' lang='lat' dir='ltr'>guerram</span> <span class='ocrx_word' id='word_1_37' title='bbox 564 842 805 925; x_wconf 89' lang='lat' dir='ltr'>retroductam;</span> <span class='ocrx_word' id='word_1_38' title='bbox 823 843 929 910; x_wconf 80' lang='lat' dir='ltr'>silicet</span> <span class='ocrx_word' id='word_1_39' title='bbox 945 849 1058 908; x_wconf 86' lang='lat' dir='ltr'>contra</span> <span class='ocrx_word' id='word_1_40' title='bbox 1074 841 1252 910; x_wconf 78' lang='lat' dir='ltr'>Theotoni·</span> 
     </span>
     <span class='ocr_line' id='line_1_6' title="bbox 128 941 1252 1036; baseline 0.007 -28"><span class='ocrx_word' id='word_1_41' title='bbox 128 964 179 1008; x_wconf 88' lang='lat' dir='ltr'>ees</span> <span class='ocrx_word' id='word_1_42' title='bbox 194 949 227 1008; x_wconf 90' lang='lat' dir='ltr'>et</span> <span class='ocrx_word' id='word_1_43' title='bbox 243 941 424 1012; x_wconf 78' lang='lat' dir='ltr'>Theotenie</span> <span class='ocrx_word' id='word_1_44' title='bbox 440 947 636 1018; x_wconf 82' lang='lat' dir='ltr'>adherentes</span> <span class='ocrx_word' id='word_1_45' title='bbox 661 971 764 1034; x_wconf 90' lang='lat' dir='ltr'>prope</span> <span class='ocrx_word' id='word_1_46' title='bbox 795 951 903 1036; x_wconf 88' lang='lat' dir='ltr'>ipsum</span> <span class='ocrx_word' id='word_1_47' title='bbox 918 948 961 1014; x_wconf 92' lang='lat' dir='ltr'>ad</span> <span class='ocrx_word' id='word_1_48' title='bbox 979 955 1123 1033; x_wconf 88' lang='lat' dir='ltr'>quatuor</span> <span class='ocrx_word' id='word_1_49' title='bbox 1139 951 1252 1031; x_wconf 82' lang='lat' dir='ltr'>dictae,</span> 
     </span>
     <span class='ocr_line' id='line_1_7' title="bbox 128 1055 1252 1139; baseline 0.01 -25"><span class='ocrx_word' id='word_1_50' title='bbox 128 1055 159 1115; x_wconf 86' lang='lat' dir='ltr'>et</span> <span class='ocrx_word' id='word_1_51' title='bbox 173 1057 290 1118; x_wconf 88' lang='lat' dir='ltr'>contra</span> <span class='ocrx_word' id='word_1_52' title='bbox 321 1075 432 1120; x_wconf 87' lang='lat' dir='ltr'>omues</span> <span class='ocrx_word' id='word_1_53' title='bbox 463 1057 637 1126; x_wconf 81' lang='lat' dir='ltr'>existentes</span> <span class='ocrx_word' id='word_1_54' title='bbox 662 1067 757 1125; x_wconf 83' lang='lat' dir='ltr'>extra</span> <span class='ocrx_word' id='word_1_55' title='bbox 781 1058 878 1124; x_wconf 87' lang='lat' dir='ltr'>iidem</span> <span class='ocrx_word' id='word_1_56' title='bbox 903 1058 1060 1139; x_wconf 81' lang='lat' dir='ltr'>Eccleeie,</span> <span class='ocrx_word' id='word_1_57' title='bbox 1077 1065 1110 1123; x_wconf 87' lang='lat' dir='ltr'>et</span> <span class='ocrx_word' id='word_1_58' title='bbox 1135 1066 1252 1125; x_wconf 88' lang='lat' dir='ltr'>eontra</span> 
     </span>
     <span class='ocr_line' id='line_1_8' title="bbox 130 1158 1252 1250; baseline 0.004 -24"><span class='ocrx_word' id='word_1_59' title='bbox 130 1179 237 1226; x_wconf 87' lang='lat' dir='ltr'>omnes</span> <span class='ocrx_word' id='word_1_60' title='bbox 253 1158 337 1226; x_wconf 90' lang='lat' dir='ltr'>alios</span> <span class='ocrx_word' id='word_1_61' title='bbox 354 1160 499 1228; x_wconf 87' lang='lat' dir='ltr'>homines</span> <span class='ocrx_word' id='word_1_62' title='bbox 516 1163 556 1230; x_wconf 92' lang='lat' dir='ltr'>de</span> <span class='ocrx_word' id='word_1_63' title='bbox 588 1166 716 1246; x_wconf 89' lang='lat' dir='ltr'>mundo,</span> <span class='ocrx_word' id='word_1_64' title='bbox 742 1165 798 1250; x_wconf 92' lang='lat' dir='ltr'>qui</span> <span class='ocrx_word' id='word_1_65' title='bbox 814 1163 935 1231; x_wconf 85' lang='lat' dir='ltr'>vellent</span> <span class='ocrx_word' id='word_1_66' title='bbox 960 1164 1022 1230; x_wconf 92' lang='lat' dir='ltr'>sibi</span> <span class='ocrx_word' id='word_1_67' title='bbox 1047 1163 1177 1230; x_wconf 85' lang='lat' dir='ltr'>auferre</span> <span class='ocrx_word' id='word_1_68' title='bbox 1193 1164 1252 1231; x_wconf 85' lang='lat' dir='ltr'>ali·</span> 
     </span>
     <span class='ocr_line' id='line_1_9' title="bbox 128 1270 1252 1352; baseline 0.005 -18"><span class='ocrx_word' id='word_1_69' title='bbox 128 1287 223 1349; x_wconf 84' lang='lat' dir='ltr'>quam</span> <span class='ocrx_word' id='word_1_70' title='bbox 238 1275 362 1336; x_wconf 89' lang='lat' dir='ltr'>terram</span> <span class='ocrx_word' id='word_1_71' title='bbox 380 1291 480 1352; x_wconf 87' lang='lat' dir='ltr'>suam,</span> <span class='ocrx_word' id='word_1_72' title='bbox 497 1270 546 1337; x_wconf 85' lang='lat' dir='ltr'>rel</span> <span class='ocrx_word' id='word_1_73' title='bbox 563 1281 678 1338; x_wconf 91' lang='lat' dir='ltr'>contra</span> <span class='ocrx_word' id='word_1_74' title='bbox 694 1272 858 1340; x_wconf 82' lang='lat' dir='ltr'>hostiliter</span> <span class='ocrx_word' id='word_1_75' title='bbox 884 1279 1006 1338; x_wconf 89' lang='lat' dir='ltr'>terram</span> <span class='ocrx_word' id='word_1_76' title='bbox 1031 1273 1100 1338; x_wconf 90' lang='lat' dir='ltr'>eins</span> <span class='ocrx_word' id='word_1_77' title='bbox 1117 1273 1252 1340; x_wconf 89' lang='lat' dir='ltr'>intrare.</span> 
     </span>
     <span class='ocr_line' id='line_1_10' title="bbox 127 1373 1251 1466; baseline 0.004 -25"><span class='ocrx_word' id='word_1_78' title='bbox 127 1373 171 1442; x_wconf 81' lang='lat' dir='ltr'>Et</span> <span class='ocrx_word' id='word_1_79' title='bbox 184 1377 302 1444; x_wconf 89' lang='lat' dir='ltr'>eodem</span> <span class='ocrx_word' id='word_1_80' title='bbox 318 1377 425 1446; x_wconf 87' lang='lat' dir='ltr'>dictus</span> <span class='ocrx_word' id='word_1_81' title='bbox 442 1379 590 1448; x_wconf 89' lang='lat' dir='ltr'>dominus</span> <span class='ocrx_word' id='word_1_82' title='bbox 606 1381 679 1448; x_wconf 84' lang='lat' dir='ltr'>Rex</span> <span class='ocrx_word' id='word_1_83' title='bbox 696 1381 842 1466; x_wconf 90' lang='lat' dir='ltr'>Vngarie</span> <span class='ocrx_word' id='word_1_84' title='bbox 861 1385 1013 1447; x_wconf 89' lang='lat' dir='ltr'>teneatur</span> <span class='ocrx_word' id='word_1_85' title='bbox 1024 1381 1118 1447; x_wconf 88' lang='lat' dir='ltr'>nobis</span> <span class='ocrx_word' id='word_1_86' title='bbox 1134 1381 1168 1445; x_wconf 93' lang='lat' dir='ltr'>in</span> <span class='ocrx_word' id='word_1_87' title='bbox 1185 1401 1251 1446; x_wconf 91' lang='lat' dir='ltr'>om·</span> 
     </span>
     <span class='ocr_line' id='line_1_11' title="bbox 127 1483 1253 1576; baseline 0.004 -27"><span class='ocrx_word' id='word_1_88' title='bbox 127 1483 217 1552; x_wconf 86' lang='lat' dir='ltr'>nibus</span> <span class='ocrx_word' id='word_1_89' title='bbox 233 1490 269 1552; x_wconf 87' lang='lat' dir='ltr'>et</span> <span class='ocrx_word' id='word_1_90' title='bbox 283 1507 342 1570; x_wconf 89' lang='lat' dir='ltr'>per</span> <span class='ocrx_word' id='word_1_91' title='bbox 372 1487 481 1554; x_wconf 88' lang='lat' dir='ltr'>omnia</span> <span class='ocrx_word' id='word_1_92' title='bbox 505 1494 621 1556; x_wconf 88' lang='lat' dir='ltr'>contra</span> <span class='ocrx_word' id='word_1_93' title='bbox 645 1489 811 1573; x_wconf 89' lang='lat' dir='ltr'>predictos</span> <span class='ocrx_word' id='word_1_94' title='bbox 836 1490 985 1573; x_wconf 91' lang='lat' dir='ltr'>superius</span> <span class='ocrx_word' id='word_1_95' title='bbox 1010 1491 1202 1576; x_wconf 88' lang='lat' dir='ltr'>nominatos,</span> <span class='ocrx_word' id='word_1_96' title='bbox 1218 1494 1253 1556; x_wconf 90' lang='lat' dir='ltr'>et</span> 
     </span>
     <span class='ocr_line' id='line_1_12' title="bbox 128 1590 1251 1682; baseline 0.004 -24"><span class='ocrx_word' id='word_1_97' title='bbox 128 1590 206 1658; x_wconf 89' lang='lat' dir='ltr'>alios</span> <span class='ocrx_word' id='word_1_98' title='bbox 222 1593 371 1661; x_wconf 91' lang='lat' dir='ltr'>inimicos</span> <span class='ocrx_word' id='word_1_99' title='bbox 387 1601 518 1662; x_wconf 87' lang='lat' dir='ltr'>nostros</span> <span class='ocrx_word' id='word_1_100' title='bbox 534 1596 614 1664; x_wconf 89' lang='lat' dir='ltr'>dare</span> <span class='ocrx_word' id='word_1_101' title='bbox 630 1597 807 1682; x_wconf 90' lang='lat' dir='ltr'>consilinm,</span> <span class='ocrx_word' id='word_1_102' title='bbox 823 1597 981 1664; x_wconf 82' lang='lat' dir='ltr'>auxilium</span> <span class='ocrx_word' id='word_1_103' title='bbox 997 1603 1031 1662; x_wconf 87' lang='lat' dir='ltr'>et</span> <span class='ocrx_word' id='word_1_104' title='bbox 1046 1597 1207 1680; x_wconf 91' lang='lat' dir='ltr'>iuuamen,</span> <span class='ocrx_word' id='word_1_105' title='bbox 1217 1603 1251 1663; x_wconf 89' lang='lat' dir='ltr'>et</span> 
     </span>
     <span class='ocr_line' id='line_1_13' title="bbox 127 1698 1251 1788; baseline 0.005 -24"><span class='ocrx_word' id='word_1_106' title='bbox 127 1699 169 1766; x_wconf 88' lang='lat' dir='ltr'>eis</span> <span class='ocrx_word' id='word_1_107' title='bbox 184 1698 294 1768; x_wconf 85' lang='lat' dir='ltr'>facere</span> <span class='ocrx_word' id='word_1_108' title='bbox 308 1703 417 1769; x_wconf 80' lang='lat' dir='ltr'>vinam</span> <span class='ocrx_word' id='word_1_109' title='bbox 441 1724 594 1787; x_wconf 82' lang='lat' dir='ltr'>guerram</span> <span class='ocrx_word' id='word_1_110' title='bbox 619 1705 704 1772; x_wconf 90' lang='lat' dir='ltr'>bona</span> <span class='ocrx_word' id='word_1_111' title='bbox 727 1705 801 1788; x_wconf 88' lang='lat' dir='ltr'>lide,</span> <span class='ocrx_word' id='word_1_112' title='bbox 827 1713 860 1770; x_wconf 90' lang='lat' dir='ltr'>et</span> <span class='ocrx_word' id='word_1_113' title='bbox 876 1725 938 1771; x_wconf 90' lang='lat' dir='ltr'>nen</span> <span class='ocrx_word' id='word_1_114' title='bbox 953 1704 1062 1770; x_wconf 82' lang='lat' dir='ltr'>iacere</span> <span class='ocrx_word' id='word_1_115' title='bbox 1077 1710 1251 1787; x_wconf 74' lang='lat' dir='ltr'>treuguam</span> 
     </span>
     <span class='ocr_line' id='line_1_14' title="bbox 126 1807 1251 1897; baseline 0.004 -24"><span class='ocrx_word' id='word_1_116' title='bbox 126 1807 173 1875; x_wconf 83' lang='lat' dir='ltr'>rel</span> <span class='ocrx_word' id='word_1_117' title='bbox 188 1830 313 1893; x_wconf 88' lang='lat' dir='ltr'>pacem,</span> <span class='ocrx_word' id='word_1_118' title='bbox 328 1810 380 1878; x_wconf 87' lang='lat' dir='ltr'>vel</span> <span class='ocrx_word' id='word_1_119' title='bbox 393 1832 546 1895; x_wconf 86' lang='lat' dir='ltr'>guerram</span> <span class='ocrx_word' id='word_1_120' title='bbox 562 1812 782 1879; x_wconf 83' lang='lat' dir='ltr'>retroductam</span> <span class='ocrx_word' id='word_1_121' title='bbox 784 1863 795 1895; x_wconf 90' lang='lat'>,</span> <span class='ocrx_word' id='word_1_122' title='bbox 821 1833 893 1878; x_wconf 85' lang='lat' dir='ltr'>cunr</span> <span class='ocrx_word' id='word_1_123' title='bbox 909 1813 956 1877; x_wconf 90' lang='lat' dir='ltr'>eis</span> <span class='ocrx_word' id='word_1_124' title='bbox 972 1811 1022 1878; x_wconf 90' lang='lat' dir='ltr'>vel</span> <span class='ocrx_word' id='word_1_125' title='bbox 1038 1811 1149 1896; x_wconf 87' lang='lat' dir='ltr'>aliquo</span> <span class='ocrx_word' id='word_1_126' title='bbox 1166 1813 1251 1897; x_wconf 90' lang='lat' dir='ltr'>ipso·</span> 
     </span>
     <span class='ocr_line' id='line_1_15' title="bbox 126 1916 1251 2003; baseline 0.001 -19"><span class='ocrx_word' id='word_1_127' title='bbox 126 1938 195 1983; x_wconf 90' lang='lat' dir='ltr'>rum</span> <span class='ocrx_word' id='word_1_128' title='bbox 209 1916 338 2002; x_wconf 90' lang='lat' dir='ltr'>absque</span> <span class='ocrx_word' id='word_1_129' title='bbox 355 1926 468 1986; x_wconf 86' lang='lat' dir='ltr'>nostro</span> <span class='ocrx_word' id='word_1_130' title='bbox 484 1920 621 1986; x_wconf 90' lang='lat' dir='ltr'>consilio</span> <span class='ocrx_word' id='word_1_131' title='bbox 637 1927 671 1986; x_wconf 90' lang='lat' dir='ltr'>et</span> <span class='ocrx_word' id='word_1_132' title='bbox 695 1941 861 1988; x_wconf 88' lang='lat' dir='ltr'>consensu.</span> <span class='ocrx_word' id='word_1_133' title='bbox 878 1919 1004 1986; x_wconf 81' lang='lat' dir='ltr'>Dentes</span> <span class='ocrx_word' id='word_1_134' title='bbox 1021 1921 1118 1986; x_wconf 89' lang='lat' dir='ltr'>dictis</span> <span class='ocrx_word' id='word_1_135' title='bbox 1135 1939 1251 2003; x_wconf 90' lang='lat' dir='ltr'>procu·</span> 
     </span>
     <span class='ocr_line' id='line_1_16' title="bbox 125 2024 1251 2111; baseline 0.001 -21"><span class='ocrx_word' id='word_1_136' title='bbox 125 2024 289 2092; x_wconf 88' lang='lat' dir='ltr'>ratoribns</span> <span class='ocrx_word' id='word_1_137' title='bbox 319 2027 450 2108; x_wconf 87' lang='lat' dir='ltr'>nostris,</span> <span class='ocrx_word' id='word_1_138' title='bbox 475 2029 526 2094; x_wconf 82' lang='lat' dir='ltr'>rel</span> <span class='ocrx_word' id='word_1_139' title='bbox 550 2028 678 2094; x_wconf 88' lang='lat' dir='ltr'>dnobus</span> <span class='ocrx_word' id='word_1_140' title='bbox 704 2051 744 2093; x_wconf 86' lang='lat' dir='ltr'>ex</span> <span class='ocrx_word' id='word_1_141' title='bbox 759 2029 816 2110; x_wconf 87' lang='lat' dir='ltr'>eie,</span> <span class='ocrx_word' id='word_1_142' title='bbox 840 2027 1022 2111; x_wconf 80' lang='lat' dir='ltr'>plenariam</span> <span class='ocrx_word' id='word_1_143' title='bbox 1053 2032 1251 2110; x_wconf 87' lang='lat' dir='ltr'>potestatem</span> 
     </span>
     <span class='ocr_line' id='line_1_17' title="bbox 127 2132 1251 2221; baseline 0 -21"><span class='ocrx_word' id='word_1_144' title='bbox 127 2132 268 2201; x_wconf 83' lang='lat' dir='ltr'>faciendi</span> <span class='ocrx_word' id='word_1_145' title='bbox 283 2134 433 2218; x_wconf 87' lang='lat' dir='ltr'>predicta</span> <span class='ocrx_word' id='word_1_146' title='bbox 449 2137 567 2220; x_wconf 87' lang='lat' dir='ltr'>omnia,</span> <span class='ocrx_word' id='word_1_147' title='bbox 592 2143 625 2202; x_wconf 87' lang='lat' dir='ltr'>et</span> <span class='ocrx_word' id='word_1_148' title='bbox 651 2137 717 2202; x_wconf 91' lang='lat' dir='ltr'>alia</span> <span class='ocrx_word' id='word_1_149' title='bbox 732 2137 931 2221; x_wconf 86' lang='lat' dir='ltr'>pertinentia</span> <span class='ocrx_word' id='word_1_150' title='bbox 946 2137 989 2200; x_wconf 91' lang='lat' dir='ltr'>ad</span> <span class='ocrx_word' id='word_1_151' title='bbox 1005 2135 1163 2220; x_wconf 86' lang='lat' dir='ltr'>predicta,</span> <span class='ocrx_word' id='word_1_152' title='bbox 1178 2155 1251 2200; x_wconf 90' lang='lat' dir='ltr'>cum</span> 
     </span>
     <span class='ocr_line' id='line_1_18' title="bbox 126 2239 1249 2329; baseline 0.001 -24"><span class='ocrx_word' id='word_1_153' title='bbox 126 2239 193 2324; x_wconf 91' lang='lat' dir='ltr'>ipso</span> <span class='ocrx_word' id='word_1_154' title='bbox 209 2241 344 2308; x_wconf 88' lang='lat' dir='ltr'>domino</span> <span class='ocrx_word' id='word_1_155' title='bbox 361 2242 465 2329; x_wconf 83' lang='lat' dir='ltr'>Rege,</span> <span class='ocrx_word' id='word_1_156' title='bbox 481 2242 578 2309; x_wconf 89' lang='lat' dir='ltr'>sicuti</span> <span class='ocrx_word' id='word_1_157' title='bbox 594 2245 656 2327; x_wconf 93' lang='lat' dir='ltr'>ipsi</span> <span class='ocrx_word' id='word_1_158' title='bbox 684 2243 815 2310; x_wconf 91' lang='lat' dir='ltr'>domino</span> <span class='ocrx_word' id='word_1_159' title='bbox 840 2242 934 2327; x_wconf 86' lang='lat' dir='ltr'>Regi,</span> <span class='ocrx_word' id='word_1_160' title='bbox 950 2248 984 2306; x_wconf 89' lang='lat' dir='ltr'>et</span> <span class='ocrx_word' id='word_1_161' title='bbox 999 2243 1081 2325; x_wconf 90' lang='lat' dir='ltr'>ipsis</span> <span class='ocrx_word' id='word_1_162' title='bbox 1098 2262 1249 2324; x_wconf 87' lang='lat' dir='ltr'>procura·</span> 
     </span>
     <span class='ocr_line' id='line_1_19' title="bbox 128 2347 1252 2434; baseline 0.001 -20"><span class='ocrx_word' id='word_1_163' title='bbox 128 2349 263 2430; x_wconf 90' lang='lat' dir='ltr'>toribus,</span> <span class='ocrx_word' id='word_1_164' title='bbox 290 2349 341 2416; x_wconf 86' lang='lat' dir='ltr'>rel</span> <span class='ocrx_word' id='word_1_165' title='bbox 358 2347 485 2418; x_wconf 87' lang='lat' dir='ltr'>dnobus</span> <span class='ocrx_word' id='word_1_166' title='bbox 512 2374 552 2418; x_wconf 89' lang='lat' dir='ltr'>ex</span> <span class='ocrx_word' id='word_1_167' title='bbox 578 2353 625 2417; x_wconf 88' lang='lat' dir='ltr'>eis</span> <span class='ocrx_word' id='word_1_168' title='bbox 651 2350 814 2418; x_wconf 88' lang='lat' dir='ltr'>videbitur</span> <span class='ocrx_word' id='word_1_169' title='bbox 845 2349 1007 2434; x_wconf 83' lang='lat' dir='ltr'>expedire,</span> <span class='ocrx_word' id='word_1_170' title='bbox 1023 2356 1056 2414; x_wconf 86' lang='lat' dir='ltr'>et</span> <span class='ocrx_word' id='word_1_171' title='bbox 1071 2349 1201 2416; x_wconf 87' lang='lat' dir='ltr'>iurandi</span> <span class='ocrx_word' id='word_1_172' title='bbox 1217 2351 1252 2415; x_wconf 91' lang='lat' dir='ltr'>in</span> 
     </span>
     <span class='ocr_line' id='line_1_20' title="bbox 127 2456 1251 2543; baseline 0.001 -21"><span class='ocrx_word' id='word_1_173' title='bbox 127 2456 233 2524; x_wconf 89' lang='lat' dir='ltr'>omnia</span> <span class='ocrx_word' id='word_1_174' title='bbox 250 2463 364 2525; x_wconf 86' lang='lat' dir='ltr'>nostra</span> <span class='ocrx_word' id='word_1_175' title='bbox 378 2459 529 2543; x_wconf 89' lang='lat' dir='ltr'>predicte</span> <span class='ocrx_word' id='word_1_176' title='bbox 553 2459 730 2527; x_wconf 74' lang='lat' dir='ltr'>splendere</span> <span class='ocrx_word' id='word_1_177' title='bbox 746 2465 779 2524; x_wconf 89' lang='lat' dir='ltr'>et</span> <span class='ocrx_word' id='word_1_178' title='bbox 804 2478 955 2538; x_wconf 75' lang='lat' dir='ltr'>seruare,</span> <span class='ocrx_word' id='word_1_179' title='bbox 972 2458 1057 2524; x_wconf 88' lang='lat' dir='ltr'>sicut</span> <span class='ocrx_word' id='word_1_180' title='bbox 1082 2459 1153 2540; x_wconf 91' lang='lat' dir='ltr'>ipse</span> <span class='ocrx_word' id='word_1_181' title='bbox 1178 2458 1251 2525; x_wconf 85' lang='lat' dir='ltr'>Rex</span> 
     </span>
     <span class='ocr_line' id='line_1_21' title="bbox 126 2563 1250 2651; baseline 0.001 -22"><span class='ocrx_word' id='word_1_182' title='bbox 126 2564 250 2633; x_wconf 90' lang='lat' dir='ltr'>iurabit</span> <span class='ocrx_word' id='word_1_183' title='bbox 265 2563 312 2633; x_wconf 90' lang='lat' dir='ltr'>eis</span> <span class='ocrx_word' id='word_1_184' title='bbox 338 2567 572 2651; x_wconf 81' lang='lat' dir='ltr'>recipientibus</span> <span class='ocrx_word' id='word_1_185' title='bbox 596 2570 709 2633; x_wconf 90' lang='lat' dir='ltr'>nostro</span> <span class='ocrx_word' id='word_1_186' title='bbox 734 2566 866 2632; x_wconf 91' lang='lat' dir='ltr'>nomine</span> <span class='ocrx_word' id='word_1_187' title='bbox 891 2564 1065 2631; x_wconf 89' lang='lat' dir='ltr'>ectendere</span> <span class='ocrx_word' id='word_1_188' title='bbox 1082 2568 1116 2630; x_wconf 90' lang='lat' dir='ltr'>et</span> <span class='ocrx_word' id='word_1_189' title='bbox 1142 2565 1250 2633; x_wconf 90' lang='lat' dir='ltr'>obser·</span> 
     </span>
     <span class='ocr_line' id='line_1_22' title="bbox 128 2672 1252 2761; baseline 0 -21"><span class='ocrx_word' id='word_1_190' title='bbox 128 2694 211 2755; x_wconf 85' lang='lat' dir='ltr'>uere,</span> <span class='ocrx_word' id='word_1_191' title='bbox 229 2675 324 2743; x_wconf 87' lang='lat' dir='ltr'>salue</span> <span class='ocrx_word' id='word_1_192' title='bbox 339 2696 467 2760; x_wconf 87' lang='lat' dir='ltr'>semper</span> <span class='ocrx_word' id='word_1_193' title='bbox 480 2675 553 2757; x_wconf 86' lang='lat' dir='ltr'>fide,</span> <span class='ocrx_word' id='word_1_194' title='bbox 569 2695 637 2758; x_wconf 90' lang='lat' dir='ltr'>qna</span> <span class='ocrx_word' id='word_1_195' title='bbox 653 2683 789 2761; x_wconf 86' lang='lat' dir='ltr'>uterque</span> <span class='ocrx_word' id='word_1_196' title='bbox 820 2679 969 2741; x_wconf 88' lang='lat' dir='ltr'>nostrum</span> <span class='ocrx_word' id='word_1_197' title='bbox 984 2679 1116 2740; x_wconf 88' lang='lat' dir='ltr'>tenetur</span> <span class='ocrx_word' id='word_1_198' title='bbox 1132 2672 1252 2740; x_wconf 81' lang='lat' dir='ltr'>Sancte</span> 
     </span>
     <span class='ocr_line' id='line_1_23' title="bbox 127 2781 1251 2868; baseline -0.003 -19"><span class='ocrx_word' id='word_1_199' title='bbox 127 2781 276 2852; x_wconf 80' lang='lat' dir='ltr'>Ecclesia</span> <span class='ocrx_word' id='word_1_200' title='bbox 307 2782 464 2865; x_wconf 83' lang='lat' dir='ltr'>Romane,</span> <span class='ocrx_word' id='word_1_201' title='bbox 490 2785 718 2868; x_wconf 85' lang='lat' dir='ltr'>promittentes</span> <span class='ocrx_word' id='word_1_202' title='bbox 743 2805 802 2850; x_wconf 88' lang='lat' dir='ltr'>nos</span> <span class='ocrx_word' id='word_1_203' title='bbox 828 2788 936 2850; x_wconf 88' lang='lat' dir='ltr'>ratum</span> <span class='ocrx_word' id='word_1_204' title='bbox 961 2781 1131 2848; x_wconf 88' lang='lat' dir='ltr'>habituros</span> <span class='ocrx_word' id='word_1_205' title='bbox 1147 2789 1181 2847; x_wconf 92' lang='lat' dir='ltr'>et</span> <span class='ocrx_word' id='word_1_206' title='bbox 1196 2781 1251 2846; x_wconf 89' lang='lat' dir='ltr'>fir·</span> 
     </span>
     <span class='ocr_line' id='line_1_24' title="bbox 127 2889 1250 2978; baseline -0.004 -22"><span class='ocrx_word' id='word_1_207' title='bbox 127 2911 220 2978; x_wconf 88' lang='lat' dir='ltr'>mum,</span> <span class='ocrx_word' id='word_1_208' title='bbox 252 2890 409 2978; x_wconf 87' lang='lat' dir='ltr'>quiequid</span> <span class='ocrx_word' id='word_1_209' title='bbox 426 2891 567 2976; x_wconf 86' lang='lat' dir='ltr'>predicti</span> <span class='ocrx_word' id='word_1_210' title='bbox 599 2895 830 2975; x_wconf 89' lang='lat' dir='ltr'>procuratores</span> <span class='ocrx_word' id='word_1_211' title='bbox 854 2891 968 2969; x_wconf 87' lang='lat' dir='ltr'>nostri,</span> <span class='ocrx_word' id='word_1_212' title='bbox 985 2889 1035 2954; x_wconf 88' lang='lat' dir='ltr'>rel</span> <span class='ocrx_word' id='word_1_213' title='bbox 1061 2889 1125 2954; x_wconf 91' lang='lat' dir='ltr'>duo</span> <span class='ocrx_word' id='word_1_214' title='bbox 1140 2909 1179 2954; x_wconf 87' lang='lat' dir='ltr'>ex</span> <span class='ocrx_word' id='word_1_215' title='bbox 1194 2891 1250 2970; x_wconf 87' lang='lat' dir='ltr'>eis,</span> 
     </span>
     <span class='ocr_line' id='line_1_25' title="bbox 127 2996 1252 3086; baseline -0.002 -23"><span class='ocrx_word' id='word_1_216' title='bbox 127 2997 246 3068; x_wconf 81' lang='lat' dir='ltr'>faciant</span> <span class='ocrx_word' id='word_1_217' title='bbox 260 2998 295 3065; x_wconf 91' lang='lat' dir='ltr'>in</span> <span class='ocrx_word' id='word_1_218' title='bbox 310 2999 469 3086; x_wconf 87' lang='lat' dir='ltr'>predictis</span> <span class='ocrx_word' id='word_1_219' title='bbox 486 3000 537 3066; x_wconf 84' lang='lat' dir='ltr'>vel</span> <span class='ocrx_word' id='word_1_220' title='bbox 553 2999 666 3084; x_wconf 89' lang='lat' dir='ltr'>aliquo</span> <span class='ocrx_word' id='word_1_221' title='bbox 682 2999 916 3084; x_wconf 89' lang='lat' dir='ltr'>predictorum.</span> <span class='ocrx_word' id='word_1_222' title='bbox 932 3000 971 3064; x_wconf 91' lang='lat' dir='ltr'>In</span> <span class='ocrx_word' id='word_1_223' title='bbox 988 2997 1080 3063; x_wconf 87' lang='lat' dir='ltr'>cuius</span> <span class='ocrx_word' id='word_1_224' title='bbox 1097 2996 1144 3060; x_wconf 87' lang='lat' dir='ltr'>rei</span> <span class='ocrx_word' id='word_1_225' title='bbox 1161 2996 1252 3061; x_wconf 91' lang='lat' dir='ltr'>testi-</span> 
     </span>
     <span class='ocr_line' id='line_1_26' title="bbox 128 3104 1251 3192; baseline 0 -22"><span class='ocrx_word' id='word_1_226' title='bbox 128 3106 267 3174; x_wconf 91' lang='lat' dir='ltr'>monium</span> <span class='ocrx_word' id='word_1_227' title='bbox 283 3113 452 3192; x_wconf 89' lang='lat' dir='ltr'>presentes</span> <span class='ocrx_word' id='word_1_228' title='bbox 467 3108 599 3174; x_wconf 82' lang='lat' dir='ltr'>lictores</span> <span class='ocrx_word' id='word_1_229' title='bbox 623 3106 694 3173; x_wconf 89' lang='lat' dir='ltr'>fieri</span> <span class='ocrx_word' id='word_1_230' title='bbox 719 3113 753 3173; x_wconf 88' lang='lat' dir='ltr'>et</span> <span class='ocrx_word' id='word_1_231' title='bbox 778 3105 886 3191; x_wconf 86' lang='lat' dir='ltr'>sigillo</span> <span class='ocrx_word' id='word_1_232' title='bbox 912 3104 1109 3189; x_wconf 85' lang='lat' dir='ltr'>Magestetis</span> <span class='ocrx_word' id='word_1_233' title='bbox 1127 3106 1251 3171; x_wconf 83' lang='lat' dir='ltr'>Nostra</span> 
     </span>
     <span class='ocr_line' id='line_1_27' title="bbox 127 3209 1250 3297; baseline 0 -19"><span class='ocrx_word' id='word_1_234' title='bbox 127 3214 266 3282; x_wconf 81' lang='lat' dir='ltr'>iuxirnns</span> <span class='ocrx_word' id='word_1_235' title='bbox 281 3214 483 3282; x_wconf 87' lang='lat' dir='ltr'>communiri.</span> <span class='ocrx_word' id='word_1_236' title='bbox 500 3212 623 3280; x_wconf 90' lang='lat' dir='ltr'>Datum</span> <span class='ocrx_word' id='word_1_237' title='bbox 639 3213 751 3281; x_wconf 87' lang='lat' dir='ltr'>Meliie</span> <span class='ocrx_word' id='word_1_238' title='bbox 778 3211 876 3280; x_wconf 91' lang='lat' dir='ltr'>XIV.</span> <span class='ocrx_word' id='word_1_239' title='bbox 909 3211 1111 3297; x_wconf 82' lang='lat' dir='ltr'>Septembris</span> <span class='ocrx_word' id='word_1_240' title='bbox 1144 3209 1250 3278; x_wconf 78' lang='lat' dir='ltr'>xm</span> 
     </span>
     <span class='ocr_line' id='line_1_28' title="bbox 126 3322 385 3392; baseline 0.012 -4"><span class='ocrx_word' id='word_1_241' title='bbox 126 3322 311 3392; x_wconf 86' lang='lat' dir='ltr'>indictionis</span> <span class='ocrx_word' id='word_1_242' title='bbox 329 3343 385 3392; x_wconf 66' lang='lat' dir='ltr'>eso</span> 
     </span>
    </p>

    <p class='ocr_par' dir='ltr' id='par_1_5' title="bbox 126 3497 1249 3660">
     <span class='ocr_line' id='line_1_29' title="bbox 194 3497 1249 3577; baseline -0.008 -19"><span class='ocrx_word' id='word_1_243' title='bbox 194 3563 198 3577; x_wconf 42' lang='grc' dir='ltr'>Ι</span> <span class='ocrx_word' id='word_1_244' title='bbox 232 3505 270 3565; x_wconf 77' lang='grc' dir='ltr'>(Δ</span> <span class='ocrx_word' id='word_1_245' title='bbox 284 3503 423 3569; x_wconf 78' lang='lat' dir='ltr'>›Bagistri</span> <span class='ocrx_word' id='word_1_246' title='bbox 437 3503 587 3570; x_wconf 80' lang='lat' dir='ltr'>Angioini«</span> <span class='ocrx_word' id='word_1_247' title='bbox 611 3505 645 3554; x_wconf 90' lang='lat' dir='ltr'>D.</span> <span class='ocrx_word' id='word_1_248' title='bbox 660 3507 684 3556; x_wconf 84' lang='grc'>6.</span> <span class='ocrx_word' id='word_1_249' title='bbox 697 3517 734 3555; x_wconf 76' lang='lat' dir='ltr'>aa.</span> <span class='ocrx_word' id='word_1_250' title='bbox 758 3503 843 3570; x_wconf 70' lang='lat' dir='ltr'>»Bag</span> <span class='ocrx_word' id='word_1_251' title='bbox 865 3500 963 3552; x_wconf 83' lang='lat' dir='ltr'>Karoli</span> <span class='ocrx_word' id='word_1_252' title='bbox 984 3500 1024 3550; x_wconf 79' lang='lat'>1.«</span> <span class='ocrx_word' id='word_1_253' title='bbox 1038 3500 1129 3552; x_wconf 76' lang='lat' dir='ltr'>crime</span> <span class='ocrx_word' id='word_1_254' title='bbox 1141 3497 1249 3551; x_wconf 64' lang='lat' dir='ltr'>uorsa·</span> 
     </span>
     <span class='ocr_line' id='line_1_30' title="bbox 126 3592 409 3660; baseline 0.007 -16"><span class='ocrx_word' id='word_1_255' title='bbox 126 3595 172 3645; x_wconf 76' lang='lat' dir='ltr'>bel</span> <span class='ocrx_word' id='word_1_256' title='bbox 185 3599 227 3648; x_wconf 79' lang='grc'>89.</span> <span class='ocrx_word' id='word_1_257' title='bbox 241 3596 313 3660; x_wconf 83' lang='lat' dir='ltr'>lev.;</span> <span class='ocrx_word' id='word_1_258' title='bbox 332 3609 359 3645; x_wconf 93' lang='lat' dir='ltr'>u.</span> <span class='ocrx_word' id='word_1_259' title='bbox 373 3592 409 3654; x_wconf 89' lang='grc' dir='ltr'>ο.)</span> 
     </span>
    </p>
   </div>
   <div class='ocr_carea' id='block_1_5' title="bbox 0 0 1622 5238">
    <p class='ocr_par' dir='ltr' id='par_1_6' title="bbox 0 0 1622 5238">
     <span class='ocr_line' id='line_1_31' title="bbox 0 0 1622 5238; baseline 0 0"><span class='ocrx_word' id='word_1_260' title='bbox 0 0 1622 5238; x_wconf 95' lang='lat' dir='ltr'> </span> 
     </span>
    </p>
   </div>
  </div>
 </body>
</html>
