3244 5236
637 383 731 448 1341.
1200 392 1266 453 415
1299 405 1303 414 ‘

127 558 309 646 Gregorius
325 559 495 628 occasione
506 565 654 646 predicta
669 565 834 630 intrarent
849 564 883 628 in
895 585 1069 647 guerram3
1087 570 1174 650 quod
1191 591 1263 652 pre·
1358 577 1360 582 “
1506 553 1596 632 ³²⁹3?

126 671 237 738 dictus
269 672 417 736 dominus
435 669 559 752 Comes,
587 671 765 737 Commune
804 679 836 737 et
867 671 1013 740 homines
1045 674 1263 742 Sibinicenses

125 788 302 846 teneantur
326 778 490 863 predictos
506 779 655 843 dominos
672 779 817 846 Comites
834 781 1069 848 Budisclavum
1084 791 1119 850 et
1139 781 1265 868 Cnego·
1328 763 1340 810 ⁵*
1424 767 1431 870 J
1499 759 1622 878 siim:

127 890 215 952 rium
241 893 460 968 manutenere,
486 887 650 966 adiuvare,
676 887 862 954 deffendere
887 893 957 955 toto
973 912 1077 974 posse,
1093 893 1180 976 ipsos
1196 916 1264 958 non

125 996 386 1080 derelinquendo
417 994 513 1060 modo
539 996 649 1079 aliquo
674 997 708 1060 in
733 995 822 1062 dicta
849 1019 979 1080 guerra.
1005 999 1051 1064 Et
1072 1001 1263 1066 convenient

125 1106 269 1190 predicti
294 1105 417 1170 domini
434 1103 551 1169 Comes
578 1103 758 1188 Gregorius
784 1107 913 1170 nomine
942 1129 1007 1190 quo
1024 1130 1133 1190 supra,
1150 1116 1182 1174 et
1198 1109 1265 1174 dic-

126 1221 184 1279 tus
210 1211 328 1279 Comes
355 1211 511 1292 Sibinici,
536 1211 674 1277 Judices
702 1219 736 1277 et
762 1209 962 1294 Consiliarii‚
979 1219 1014 1279 et
1028 1217 1193 1298 predictus
1209 1217 1263 1282 do-

126 1323 237 1388 minus
253 1317 371 1384 Helias
387 1319 528 1384 sindicus
538 1325 570 1383 et
586 1319 760 1385 sindicario
777 1321 904 1385 nomine
921 1321 1104 1402 supradicti
1115 1318 1265 1424 Comitis⁷

128 1427 221 1511 quod
244 1449 304 1511 per
328 1425 451 1492 dictum
477 1427 641 1491 dominum
670 1425 832 1493 Comitem
858 1424 1093 1493 Sibinicensem
1110 1430 1262 1498 mittatur

127 1537 173 1604 ad
198 1533 417 1626 Serenitatern
437 1533 575 1600 Ducalis
598 1535 804 1601 Excellencie
836 1557 895 1618 pro
928 1537 1124 1619 supradictis
1155 1541 1260 1621 pactis

128 1653 164 1709 et
189 1642 457 1711 conventionibus
489 1640 682 1706 roborandis
708 1649 739 1706 et
764 1641 1004 1723 confirmandis,
1035 1651 1069 1709 et
1086 1647 1263 1712 secundum

127 1758 328 1838 preceptum,
354 1748 443 1833 quod
467 1749 593 1815 Ducale
619 1750 809 1814 Dominium
835 1753 961 1816 venerit
985 1751 1137 1833 addendi,
1158 1755 1260 1820 minu-

128 1862 213 1943 endi,
224 1858 420 1941 corrigendi,
431 1857 645 1923 confirmandi
655 1857 708 1921 vel
718 1857 919 1939 annullandi,
929 1861 1063 1924 tenendi
1080 1862 1131 1926 vel
1148 1885 1260 1947 repro·

128 1968 240 2046 bandi,
250 1989 322 2031 cum
338 1965 496 2048 predictis
513 1965 652 2030 dominis
669 1965 851 2030 Comitibus
868 1967 901 2029 in
917 1968 1084 2050 predictis,
1102 1976 1134 2033 et
1151 1976 1260 2037 cetera

129 2075 289 2160 predicta,
299 2075 334 2140 in
350 2071 499 2138 omnibus
511 2072 554 2136 sit
570 2072 699 2136 firmum
714 2078 747 2136 et
763 2080 880 2149 ratum,
897 2080 931 2138 et
947 2075 1121 2141 secundum
1138 2078 1261 2143 dictum

128 2183 323 2250 mandatum
343 2183 377 2245 in
393 2180 541 2245 omnibus
558 2182 757 2245 observetur.

240 2292 309 2356 Pro
326 2290 446 2374 quibus
463 2289 610 2353 omnibus
627 2288 764 2352 tirmiter
781 2288 989 2354 attendendis
1005 2296 1037 2355 et
1053 2292 1263 2359 observandis

130 2401 175 2466 ad
206 2401 363 2465 maiorem
397 2396 559 2462 cautelam
590 2402 623 2461 ct
656 2396 843 2461 firmitatem
879 2403 1071 2479 perpetuam
1102 2404 1262 2484 presentis

128 2508 267 2588 unionis,
284 2506 455 2571 concordie
465 2511 497 2568 et
507 2503 654 2568 amicicie
670 2509 704 2569 ct
719 2503 863 2570 omnium
878 2504 1100 2588 predictorum
1117 2509 1259 2591 predicti

129 2616 254 2683 domini
279 2612 423 2680 Comites
448 2612 629 2695 Gregorius
647 2633 705 2694 pro
723 2635 757 2677 se
774 2614 844 2696 ipso
861 2619 893 2678 et
910 2616 979 2679 vice
997 2620 1029 2680 et
1044 2617 1173 2682 nomine
1190 2641 1263 2703 pre-

135 2725 215 2791 dicti
241 2721 365 2788 domini
391 2719 528 2786 Comitis
552 2719 724 2786 Budislavi
740 2727 771 2784 et
788 2728 884 2803 gente
900 2744 1012 2788 eorum
1029 2746 1068 2788 ex
1085 2747 1149 2790 uua
1166 2735 1260 2808 parte

129 2841 162 2898 et
187 2831 323 2897 Judices
349 2836 382 2896 et
407 2827 596 2894 Consiliarii
624 2828 709 2892 dicte
727 2825 889 2906 Ciuitatis
907 2851 945 2894 ac
971 2829 1121 2896 dominus
1136 2833 1254 2900 Helias

128 2941 271 3006 sindicus
297 2945 329 3002 et
354 2936 529 3002 sindicario
561 2935 688 3000 nomine
720 2935 841 3000 domini
865 2935 1013 3017 Comitis,
1038 2938 1203 3004 hominurn
1220 2948 1263 3029 et¹

128 3047 362 3118 Vniuersitatis
388 3045 474 3111 dicte
499 3042 654 3108 Ciuitatis
678 3040 899 3124 Sibinicensis,
926 3065 1072 3109 necnon
1098 3066 1209 3111 omnes
1227 3055 1261 3114 et

128 3156 248 3239 singuli
268 3154 308 3220 de
330 3153 418 3218 dicto
436 3149 583 3216 Consilio
599 3148 763 3230 Generali,
779 3151 835 3234 qui
850 3151 1068 3217 interfuerunt
1083 3155 1117 3217 in
1134 3156 1262 3238 palacio

129 3263 333 3340 Communis,
358 3283 417 3326 nec
441 3284 505 3326 non
531 3282 642 3326 omnes
669 3267 701 3323 ct
726 3259 846 3343 singuli
866 3259 907 3325 de
924 3261 1011 3326 dicto
1029 3259 1183 3344 Consilio,
1200 3286 1260 3330 nec

130 3393 196 3437 non
221 3370 320 3440 LXV
346 3392 435 3435 more
462 3369 560 3436 solito
583 3369 775 3452 congregati
796 3367 839 3434 ad
856 3369 1006 3452 predicta
1022 3372 1207 3454 specialiter
1223 3395 1263 3438 ex

130 3482 239 3546 altera
262 3487 375 3564 parte,
400 3479 592 3544 iurauerunt
627 3478 670 3542 ad
697 3477 820 3544 Sancta
850 3479 915 3544 Dei
939 3481 1133 3561 Euangelia,
1165 3482 1262 3547 tactis

129 3587 358 3655 Sacrosanctis
384 3587 574 3670 Scriptum,
589 3587 771 3670 predictam
803 3588 1011 3653 concordiam
1042 3595 1075 3653 et
1101 3589 1261 3670 unionem,

131 3697 437 3775 confederationem,
448 3696 557 3760 omnia
577 3695 768 3777 supradicta
784 3701 817 3759 et
833 3694 963 3779 singula
978 3696 1012 3760 in
1028 3699 1170 3779 presenti
1188 3718 1262 3761 con·

129 3810 238 3869 tractu
263 3810 418 3869 contenta
438 3809 470 3867 et
490 3803 614 3867 inserta
630 3824 689 3886 pro
708 3825 740 3866 se
756 3809 789 3868 et
809 3823 919 3869 eornm
930 3802 1120 3870 hominibus
1137 3811 1168 3869 ct
1183 3826 1259 3887 gen·

128 3912 172 3976 tis
199 3933 255 3976 seu
280 3912 419 3976 firmiter
445 3917 476 3974 et
501 3916 610 3976 ratum
634 3917 792 3993 perpetuo
817 3909 940 3975 habere
959 3916 992 3974 et
1008 3913 1129 3990 tencre,
1144 3921 1177 3976 ct
1193 3931 1259 3974 non

131 4018 359 4085 contrafacere
385 4018 434 4082 vel
460 4018 568 4082 venire
593 4017 704 4100 aliquo
720 4018 815 4083 modo
839 4017 970 4097 ingenio
986 4038 1047 4099 pro
1065 4038 1097 4080 sc
1118 4017 1166 4080 vel
1177 4017 1260 4094 aliis,

129 4127 187 4192 sed
204 4127 289 4192 bona
305 4125 368 4192 fide
386 4133 418 4191 et
433 4125 586 4208 legaliter
616 4125 784 4191 attendere
816 4132 849 4190 et
880 4123 1052 4188 observare
1084 4123 1144 4188 sub
1176 4146 1260 4207 pena

129 4233 261 4318 prestiti
279 4231 455 4298 iuramenti
470 4237 530 4296 etc.

238 4397 274 4458 (A
290 4397 392 4460 »Copia
405 4397 438 4445 de
452 4395 693 4444 Comme-morian«
709 4395 799 4444 caimtl
815 4393 951 4444 velenczei
966 4394 1194 4458 villamkbnyvbtll
1208 4397 1259 4445 111.

129 4489 189 4537 kot.
205 4493 264 4537 194.
279 4487 342 4547 lev.)

624 4625 776 4636 n—u--u—-q
