3174 5236
580 331 674 398 1291.
1155 339 1194 401 79

81 517 169 576 testes
195 509 381 575 huiusmodi
413 510 586 575 tribuatur.
618 511 817 576 Mandantes
849 520 962 578 tenore
995 515 1194 595 presentium

4 603 6 682 l
81 619 221 684 uniuersis
237 625 269 682 et
287 617 425 700 singulis
441 618 623 682 hominibus
640 617 719 683 dicti
730 618 846 702 Regni,
857 621 1075 702 cuiuscunque
1093 619 1195 704 digni·

80 727 147 791 tatis
164 733 217 790 aut
235 724 434 789 conditionis
450 726 600 804 existant,
632 725 720 808 quod
747 726 838 790 vobis
863 732 921 790 eut
938 731 1080 790 uestrum
1096 726 1194 792 elteri

4 835 9 928 Τ
81 853 165 915 super
178 832 344 914 premissis
360 831 409 894 vel
427 832 658 913 premissorum
691 831 834 915 quolibet
861 839 1059 916 percantet
1090 834 1193 897 inten-

4 941 6 998 i
80 941 158 1004 dent.
174 937 293 1004 Actum
310 948 342 1003 et
360 939 473 1002 datum
498 939 638 1022 Perisijs
655 938 706 1002 die
732 938 835 1003 XXI.
851 939 972 1004 mensis
990 937 1190 1022 Septembris

81 1047 132 1114 IV.
146 1047 334 1124 indictionis,
366 1046 553 1126 Regnorum
585 1052 773 1110 nostrorum
803 1045 991 1112 Jerusalem
1017 1054 1048 1110 et
1081 1045 1193 1112 Sicilie

4 1229 6 1250 ι
80 1175 155 1220 enno
172 1163 271 1221 sexto,
331 1213 335 1222 .

175 1262 303 1328 Similes
318 1262 405 1328 fecte
423 1269 495 1326 sunt
513 1261 691 1326 venerabili
727 1262 760 1324 in
793 1259 924 1326 Christo
956 1267 1045 1344 putri
1061 1262 1192 1327 domino

4 1429 6 1450 ‚
79 1371 112 1436 B.
126 1373 286 1455 Episcopo
303 1371 527 1452 Auellonensi,
543 1370 718 1434 Francisco
736 1369 889 1453 Trogisii,
906 1375 938 1434 et
953 1370 1113 1452 Magistro
1124 1363 1193 1434 Hu-

80 1480 177 1562 golino
194 1481 232 1544 de
249 1479 340 1544 Luca
357 1479 483 1542 dilectis
500 1484 531 1544 et
550 1478 679 1543 deuotis
696 1476 761 1540 suis
778 1478 818 1540 de
834 1477 932 1541 verbo
951 1475 992 1542 ed
1009 1478 1141 1544 verbum
1159 1482 1194 1540 vt

81 1607 176 1667 supro.
191 1586 316 1650 Datum
332 1592 363 1648 u
385 1606 491 1668 supra.

175 1691 305 1758 Similes
320 1691 406 1755 lacte
422 1699 496 1755 snut
512 1691 642 1754 domino
660 1691 698 1754 B.
710 1692 874 1775 Episcopo
891 1691 1076 1770 Betentino,
1094 1689 1194 1756 Guel-

79 1799 151 1864 terio
167 1799 204 1863 de
220 1799 376 1879 ltlelfiete,
393 1807 424 1864 et
440 1799 603 1880 Magistro
636 1799 802 1882 Hugolino
819 1799 859 1862 de
887 1801 983 1864 verbo
1002 1799 1043 1862 ud
1060 1798 1193 1863 verbum

79 1911 109 1969 rt
123 1927 224 1988 supra.
239 1905 364 1970 Datum
380 1913 413 1970 vt
430 1927 537 1988 supra.

177 2087 210 2146 (A
226 2087 524 2150 »RegistriAngioiui«
541 2085 574 2134 Χ,
601 2089 658 2132 127.
685 2101 720 2134 sn.
736 2085 855 2144 Repestu
879 2085 974 2132 Karoli
989 2085 1024 2132 11.
1050 2083 1193 2134 kttetebel

82 2177 120 2222 63.
132 2177 180 2224 lev.
192 2192 198 2238 ;
211 2191 237 2225 u.
252 2181 288 2238 o.)

516 2657 522 2662 .
606 2610 656 2669 97.

83 2799 204 2866 clanei!
222 2801 351 2887 Ku'ruly
367 2825 405 2864 oz
421 2801 529 2884 Anjon
552 2803 611 2864 lule
639 2801 940 2886 lllopynrorszripba
958 2799 1084 2862 leutuuu
1116 2819 1195 2881 ncep-

182 2907 513 2993 liatalneazottjat'uak
535 2907 723 2970 ellontsontl
740 2906 970 2992 yondoekodik.
991 2907 1085 2968 1291.

181 3085 343 3168 Scriptum
361 3091 408 3149 est
426 3083 545 3148 eisdem
562 3081 758 3164 Justitiurijs
775 3081 997 3164 (Principutus
1015 3079 1117 3143 Terre
1134 3079 1195 3143 lra-

86 3190 162 3255 boris
178 3199 208 3256 et
224 3192 386 3276 Aprutij.)

179 3299 259 3365 Cum
277 3299 468 3366 uenerabilis
486 3305 579 3382 pater
597 3298 744 3363 dominus
761 3296 803 3359 H.
822 3292 1044 3359 Auellincnsis
1061 3293 1195 3376 Episco-

2 3453 3 3496 ,
83 3423 143 3485 pus,
157 3406 291 3470 dilectus
323 3411 356 3469 et
387 3405 524 3470 deuotus
540 3413 662 3484 noster,
680 3403 721 3468 ud
739 3409 850 3486 partos
869 3400 1025 3484 Vngurie,
1042 3402 1083 3466 de
1099 3401 1195 3464 bene-

2 3501 4 3538 ²
85 3509 190 3590 placito
208 3511 308 3594 Regis
326 3517 424 3592 atque
441 3517 562 3592 nostro,
588 3533 649 3574 unc
676 3532 747 3574 cum
778 3509 853 3592 alijs
871 3509 914 3571 sit
929 3507 1132 3590 profecturus
1148 3507 1194 3570 in-

2 3604 3 3622 *
83 3621 195 3682 stanter
211 3618 252 3682 ud
273 3617 534 3700 prosequendum
567 3617 733 3699 negotium
766 3617 865 3698 ipsius
898 3613 1005 3698 Regni
1038 3613 1194 3696 Vngnric,

82 3722 198 3790 domine
214 3725 366 3807 genitrici
383 3729 492 3790 nostre
508 3746 546 3788 ao
562 3723 656 3788 nobis
673 3745 712 3788 cx
729 3724 929 3788 successione
946 3721 1088 3804 legitime
1106 3741 1195 3802 spec·

81 3833 185 3912 tentis,
200 3832 263 3914 ipsi
278 3832 444 3914 Episcopo
455 3853 514 3914 pro
531 3833 677 3913 expensis
695 3831 760 3894 suis
775 3831 809 3894 in
820 3828 1005 3894 huiusmodi
1015 3823 1195 3890 exercenda

80 3937 223 4004 faciendis
238 3938 349 4002 uncias
367 3939 439 4002 euri
457 3940 625 4020 sexaginta
651 3939 802 4020 ponderis
834 3936 996 4020 generalis
1013 3931 1194 4017 prouideri-

81 4066 143 4110 mus
158 4044 321 4126 exhiberi;
337 4045 489 4110 fidelitati
506 4053 558 4110 tue
575 4046 780 4129 precipimus,
797 4053 959 4128 quotenus
975 4040 1191 4116 attendentes,

80 4152 158 4234 quod
173 4154 288 4218 dilutio
315 4154 551 4236 prosecutionis
576 4154 759 4218 huiusmodi
784 4159 895 4236 posset
919 4173 988 4216 esse
1021 4148 1114 4214 uobis
1131 4168 1194 4211 non

2 4260 3 4268 ’
79 4259 227 4325 modicum
244 4259 462 4343 dispendiosa,
486 4260 572 4343 quod
603 4259 697 4339 absit,
729 4259 838 4324 stetim
870 4259 946 4322 visis
978 4253 1194 4340 presentibus,

80 4369 156 4432 omui
171 4368 349 4448 dilationis,
362 4389 455 4432 mora
471 4375 503 4431 et
520 4367 687 4431 (recisione
700 4366 846 4447 sublatis,
855 4365 1005 4448 predicto
1022 4327 1195 4446 Episclrpo,

80 4472 123 4535 vel
137 4483 220 4540 certo
237 4477 356 4540 nuncio
374 4498 431 4542 suo
447 4497 507 4558 pro
525 4497 574 4556 oo,
591 4475 695 4540 dictus
712 4475 821 4538 uncias
839 4474 910 4537 auri
927 4472 1096 4554 sexergintu
1117 4468 1195 4534 dicti
