3234 5238
419 381 460 440 28
778 398 1015 446 nrrrronrczrur
1031 389 1200 446 uncinus.
1245 380 1251 388 ’

413 577 484 619 mus
502 578 560 638 per
577 557 709 622 lieteras
726 559 760 622 in
777 559 951 641 mandatis„
976 566 1010 624 vt
1030 566 1095 624 tres
1112 562 1223 642 galeas
1240 560 1309 624 siue
1327 560 1543 643 Venetorum,

415 663 485 728 siue
521 685 788 748 quorumcunque
805 668 943 732 aliorum
960 672 1176 732 mercatorum
1192 668 1251 732 sub
1267 667 1420 752 expensis
1448 665 1543 732 Gurie

415 777 527 835 nostre
558 793 658 854 usque
691 779 821 856 portum
853 774 973 840 Jadari
1005 775 1201 840 conduceres
1226 798 1285 860 pro
1302 775 1448 842 transitu
1478 773 1540 838 filie

416 883 527 944 nostre
552 879 605 943 ad
627 887 784 963 partes
809 880 873 949 Vu
884 883 1020 964 garie,
1037 882 1176 966 illasque
1192 889 1289 966 prout
1300 882 1434 967 expedit
1450 903 1539 966 para·

415 991 469 1051 tas
486 985 634 1066 haberes
653 988 693 1052 dc
708 990 845 1072 pecunia
860 989 1020 1069 videlieet,
1038 1011 1135 1073 quam
1150 991 1211 1055 tibi
1227 1012 1286 1074 per
1317 991 1342 1057 J
1344 987 1539 1056 ostitiarium
1609 979 1610 982 ¹

282 1171 285 1178 Ι
304 1119 307 1124 “
418 1099 452 1158 et
466 1093 624 1159 Erarium
640 1093 742 1160 Teme
759 1095 875 1161 Baruli
892 1097 1035 1163 exhiberi
1062 1097 1351 1176 mandaueramus;
1368 1105 1415 1178 tu,
1430 1097 1541 1180 quiea

416 1199 565 1284 predicto
596 1201 789 1269 Justitiario
816 1209 846 1267 ot
873 1203 994 1268 Erario
1024 1224 1168 1286 congruo
1200 1210 1346 1288 ternpore
1372 1203 1541 1288 pecuniam
1609 1241 1610 1246 κ

293 1301 296 1308 ⁴
415 1309 522 1391 ipsam
538 1307 659 1374 habere
675 1311 805 1375 minime
830 1313 974 1394 potuisti,
1000 1334 1040 1377 ne
1055 1312 1090 1376 in
1106 1313 1227 1378 eisdem
1258 1313 1382 1378 nostris
1400 1312 1541 1396 semitijs

415 1413 561 1480 defectus
579 1416 695 1500 aliquis
713 1417 905 1496 immineret,
922 1424 991 1483 tam
1007 1418 1048 1483 de
1063 1418 1204 1500 pecunia
1221 1425 1279 1484 tua
1294 1419 1440 1502 propria,
1450 1439 1543 1501 quam
1608 1481 1609 1484 ,

416 1529 512 1606 parte
529 1530 641 1590 mutuo
658 1531 800 1607 recepte,
827 1526 1006 1609 expendisti
1033 1527 1066 1589 in
1092 1525 1256 1609 penatica,
1283 1525 1398 1592 solidis
1415 1532 1448 1591 et
1474 1525 1544 1610 ulijs

418 1633 612 1715 opportunis
629 1633 768 1698 duarum
794 1634 973 1698 teridarum
991 1642 1024 1699 et
1048 1635 1141 1701 vuius
1167 1635 1295 1718 galeoni
1312 1635 1412 1700 Curie
1429 1641 1545 1716 nostre,

421 1762 459 1806 ac
475 1740 569 1804 vuius
586 1739 755 1806 vacchette
771 1743 805 1805 in
822 1740 949 1807 defectu
966 1741 1136 1825 galearum
1152 1742 1386 1826 predictarum,
1402 1764 1489 1825 quas
1504 1740 1545 1806 ad
1609 1797 1610 1800 ,

420 1845 666 1912 conducendum
682 1848 811 1912 minime
827 1848 989 1930 inuenieti,
1006 1871 1065 1914 uec
1090 1871 1155 1914 non
1171 1850 1253 1914 etin
1270 1850 1498 1933 conductione,
1515 1856 1547 1914 et
1608 1859 1610 1886 ÷

348 2041 350 2046 ι
421 1955 616 2037 quibusdam
626 1955 942 2039 alijsguaruimentis
952 1957 1044 2024 unius
1055 1957 1148 2023 naius
1158 1957 1401 2040 etquorundam
1411 1958 1546 2023 aliorum
1609 1983 1610 2034 3

370 2105 374 2111 ·
420 2065 620 2132 vassalorum
636 2084 695 2146 per
710 2070 744 2128 te
760 2063 992 2130 conductorum
1007 2086 1079 2130 curn
1097 2063 1216 2147 quibus
1231 2064 1347 2130 eadem
1357 2063 1426 2130 filia
1436 2072 1546 2131 nostra
1608 2077 1610 2168 p

422 2171 631 2238 transfretari
649 2170 800 2251 debebat,
815 2172 925 2236 uncias
943 2171 1101 2236 ducentas
1111 2171 1265 2254 ponderis
1275 2172 1451 2255 generalis,
1468 2193 1547 2255 quas
1608 2175 1610 2264 ξ

423 2303 443 2346 a
458 2279 609 2362 predicto
625 2277 649 2343 J
652 2277 815 2343 ostitiario
832 2285 866 2342 et
882 2279 1003 2344 Erario
1031 2286 1164 2362 propter
1180 2279 1405 2362 peractionem
1422 2278 1547 2362 predic·
1598 2265 1610 2346 -l

421 2394 530 2452 torum
547 2385 757 2450 seruitiorum
773 2392 959 2452 nostrorum
993 2387 1156 2470 recepisti,
1171 2392 1203 2452 et
1218 2407 1274 2454 eas
1288 2387 1501 2470 postmodum
1515 2389 1545 2451 in
1604 2413 1610 2558 4

423 2492 623 2560 confectione
640 2492 776 2559 biscocti
792 2492 871 2558 lacti
885 2515 944 2578 per
959 2498 991 2558 te
1008 2494 1216 2560 demandato
1232 2501 1364 2576 nostro,
1381 2492 1423 2560 de
1438 2493 1547 2559 salnris

422 2599 578 2665 frumenti
594 2598 683 2662 mille
700 2599 847 2665 ducentis
864 2602 1038 2685 assignatis
1054 2601 1116 2666 tibi
1132 2601 1255 2668 dudum
1271 2625 1291 2667 a
1307 2600 1442 2668 Secreto
1459 2599 1548 2686 Apu-

424 2707 469 2772 lie
486 2713 519 2772 et
535 2705 699 2788 Magistro
716 2705 954 2774 Massariarum
979 2707 1157 2775 Basilicate
1183 2709 1328 2776 emendis
1360 2709 1548 2794 gualderijs,
1608 2767 1610 2816 Ι

423 2813 540 2896 cordis,
556 2814 791 2898 mangranibus
802 2813 848 2900 (l)
864 2815 1059 2882 balistarum
1070 2814 1169 2882 Ourie
1180 2823 1303 2902 nostre,
1312 2823 1347 2882 et
1356 2817 1547 2900 quibusdam
1608 2817 1610 2902 l

422 2922 498 3006 alijs
530 2923 673 3006 seruitijs
705 2922 805 2988 Ourie
836 2932 947 2990 nostre
987 2925 1029 2990 ad
1060 2946 1142 3009 opus
1176 2927 1393 2993 vassallorum
1427 2932 1548 2993 nostro
1608 2905 1610 3006 J

425 3051 498 3096 rum
530 3029 731 3113 expendisti3
763 3037 898 3114 propter
930 3033 1018 3115 quod
1064 3033 1236 3100 Maiestati
1264 3031 1389 3099 Nostre
1409 3034 1548 3099 umiliter
1609 3073 1610 3114 t

423 3137 624 3220 supplicasti,
640 3137 790 3220 predicta
806 3139 923 3220 omnia,
939 3140 1023 3206 sicut
1047 3162 1106 3224 per
1131 3148 1164 3206 te
1179 3140 1270 3206 fucta
1288 3149 1365 3206 sunt
1383 3150 1417 3206 et
1433 3141 1546 3218 saluta,
1608 3173 1610 3226 j

424 3244 486 3308 tibi
503 3265 560 3326 per
578 3251 723 3309 nostram
750 3241 882 3310 Curiam
909 3247 1081 3329 acceptari.
1113 3247 1182 3313 Nos
1199 3255 1311 3314 autem
1338 3249 1547 3314 adtendentes
1608 3265 1610 3318 l

425 3351 620 3432 prouisionis
646 3359 680 3415 et
705 3351 932 3417 sollicitudinis
958 3359 1013 3418 tue
1038 3354 1124 3420 circu
1149 3361 1265 3420 nostra
1281 3357 1421 3422 seruitia
1437 3354 1548 3434 studia,
1608 3351 1610 3436 ἦ

424 3476 612 3540 processum
629 3465 719 3523 tuum
737 3478 835 3540 super
852 3458 1009 3541 predictis
1025 3460 1176 3527 omnibus
1192 3467 1226 3526 et
1241 3462 1380 3546 singulis
1397 3482 1548 3528 commen-
1609 3457 1610 3544 ᾗ

425 3563 549 3644 dantes,
566 3567 726 3647 premissa
742 3565 849 3630 omnia
864 3572 897 3630 et
914 3568 1041 3649 singula
1057 3567 1119 3632 tibi
1144 3574 1259 3634 tenore
1284 3572 1487 3652 presentium
1503 3589 1548 3634 ac·
1609 3571 1610 3576 ’

423 3676 602 3753 ceptamus,
618 3678 650 3734 et
665 3672 813 3736 volumus
831 3693 869 3736 ea
885 3675 993 3738 omnia
1009 3677 1042 3738 in
1069 3681 1125 3741 tuo
1151 3675 1336 3742 ratiocinio¹
1352 3673 1547 3761 computem
1609 3675 1610 3680 ’

423 3775 597 3842 dmnmodo
614 3783 741 3843 constet
757 3778 798 3843 de
815 3779 974 3845 solutione
990 3804 1047 3865 per
1062 3782 1221 3866 ydoneam
1248 3783 1436 3867 apodixem.
1453 3783 1547 3850 Volu·

420 3907 493 3950 mus
510 3889 618 3969 etiam,
634 3887 722 3969 quod
738 3888 903 3971 predictas
921 3891 1030 3955 vncias
1062 3893 1132 3957 ami
1149 3893 1306 3958 ducentas
1324 3915 1344 3958 a
1361 3891 1547 3959 Justitiario
1608 3875 1610 3954 s

422 3996 455 4054 et
471 3991 591 4057 Erario
608 3991 816 4076 Oapitanate,
844 3996 961 4076 quibus
987 3999 1064 4062 olim
1090 4000 1280 4082 scripsimus
1307 4001 1350 4066 de
1369 3999 1480 4066 danda
1494 3997 1548 4064 tibi

421 4100 561 4180 pecunia
594 4102 709 4165 exinde
741 4103 921 4166 necessaria
948 4125 1008 4185 pro
1034 4106 1252 4172 conducendis
1278 4114 1312 4172 et
1337 4105 1548 4190 preparandis

422 4203 524 4282 galeis
541 4207 707 4287 predictis,
723 4209 873 4290 requiras
890 4216 922 4272 et
938 4210 1095 4294 recipies3
1122 4219 1155 4278 et
1171 4236 1231 4296 pro
1256 4216 1468 4280 restitutione
1483 4233 1548 4296 pre·

426 4305 512 4373 dicte
543 4314 677 4393 pecunie
705 4314 765 4379 tibi
791 4314 911 4378 debeas
936 4317 1083 4384 retinere.
1109 4318 1311 4405 significasti
1345 4324 1447 4387 etiam
1463 4317 1549 4386 nobis
1604 4375 1610 4420 Δ

426 4412 513 4491 quod
528 4415 640 4498 Drogo
657 4419 697 4484 de
722 4420 927 4485 Bellomonte
952 4419 1060 4506 Regni
1075 4429 1180 4492 nostri
1198 4425 1312 4492 Sicilie
1327 4429 1549 4495 Marescalcus
1608 4423 1610 4496 ἶ

428 4537 501 4582 cum
517 4523 663 4604 prodictu
694 4525 763 4590 filia
794 4532 905 4592 nostra
936 4529 980 4593 ad
1011 4539 1123 4612 partes
1154 4531 1304 4619 Vngarie
1330 4537 1505 4614 transiens,
1519 4534 1547 4597 in
1609 4605 1610 4638 r
