<?xml version="1.0" encoding="UTF-8"?>
<!DOCTYPE html PUBLIC "-//W3C//DTD XHTML 1.0 Transitional//EN"
    "http://www.w3.org/TR/xhtml1/DTD/xhtml1-transitional.dtd">
<html xmlns="http://www.w3.org/1999/xhtml" xml:lang="en" lang="en">
 <head>
  <title>
</title>
<meta http-equiv="Content-Type" content="text/html;charset=utf-8" />
  <meta name='ocr-system' content='tesseract 3.04.00' />
  <meta name='ocr-capabilities' content='ocr_page ocr_carea ocr_par ocr_line ocrx_word'/>
</head>
<body>
  <div class='ocr_page' id='page_1' title='image "./magyardiplomacz02wenzgoog_0307.png"; bbox 0 0 3222 5240; ppageno 0'>
   <div class='ocr_carea' id='block_1_1' title="bbox 587 263 1197 354">
    <p class='ocr_par' dir='ltr' id='par_1_1' title="bbox 587 263 1197 354">
     <span class='ocr_line' id='line_1_1' title="bbox 587 263 1197 354; baseline 0.002 -1"><span class='ocrx_word' id='word_1_1' title='bbox 587 263 683 354; x_wconf 81' lang='lat' dir='ltr'>iaas.</span> <span class='ocrx_word' id='word_1_2' title='bbox 1135 263 1197 354; x_wconf 81' lang='lat' dir='ltr'>alr</span> 
     </span>
    </p>
   </div>
   <div class='ocr_carea' id='block_1_2' title="bbox 71 459 1201 552">
    <p class='ocr_par' dir='ltr' id='par_1_2' title="bbox 71 459 1201 552">
     <span class='ocr_line' id='line_1_2' title="bbox 71 459 1201 552; baseline 0.001 -23"><span class='ocrx_word' id='word_1_3' title='bbox 71 459 230 530; x_wconf 89' lang='lat' dir='ltr'>inuadere</span> <span class='ocrx_word' id='word_1_4' title='bbox 254 463 305 530; x_wconf 81' lang='lat' dir='ltr'>sel</span> <span class='ocrx_word' id='word_1_5' title='bbox 330 485 489 551; x_wconf 87' lang='lat' dir='ltr'>occupare</span> <span class='ocrx_word' id='word_1_6' title='bbox 505 467 676 549; x_wconf 80' lang='lat' dir='ltr'>niteretur,</span> <span class='ocrx_word' id='word_1_7' title='bbox 697 487 756 542; x_wconf 84' lang='lat' dir='ltr'>nos</span> <span class='ocrx_word' id='word_1_8' title='bbox 772 473 887 534; x_wconf 89' lang='lat' dir='ltr'>contra</span> <span class='ocrx_word' id='word_1_9' title='bbox 903 469 1010 552; x_wconf 90' lang='lat' dir='ltr'>ipsum</span> <span class='ocrx_word' id='word_1_10' title='bbox 1025 464 1201 534; x_wconf 80' lang='lat' dir='ltr'>Hernicum</span> 
     </span>
    </p>
   </div>
   <div class='ocr_carea' id='block_1_3' title="bbox 1 567 1202 875">
    <p class='ocr_par' dir='ltr' id='par_1_3' title="bbox 1 567 1202 875">
     <span class='ocr_line' id='line_1_3' title="bbox 1 567 1202 656; baseline 0.002 -19"><span class='ocrx_word' id='word_1_11' title='bbox 1 567 2 570; x_wconf 63' lang='grc'>’</span> <span class='ocrx_word' id='word_1_12' title='bbox 72 570 199 638; x_wconf 82' lang='lat' dir='ltr'><strong>Ducem</strong></span> <span class='ocrx_word' id='word_1_13' title='bbox 224 591 380 654; x_wconf 85' lang='lat' dir='ltr'>generum</span> <span class='ocrx_word' id='word_1_14' title='bbox 395 579 553 656; x_wconf 86' lang='lat' dir='ltr'>nostrum,</span> <span class='ocrx_word' id='word_1_15' title='bbox 578 573 742 640; x_wconf 78' lang='lat' dir='ltr'>fautorem</span> <span class='ocrx_word' id='word_1_16' title='bbox 759 575 809 641; x_wconf 85' lang='lat' dir='ltr'>vel</span> <span class='ocrx_word' id='word_1_17' title='bbox 825 575 970 642; x_wconf 83' lang='lat' dir='ltr'>fautores</span> <span class='ocrx_word' id='word_1_18' title='bbox 987 594 1063 640; x_wconf 89' lang='lat' dir='ltr'>suos</span> <span class='ocrx_word' id='word_1_19' title='bbox 1079 573 1113 638; x_wconf 93' lang='lat' dir='ltr'>in</span> <span class='ocrx_word' id='word_1_20' title='bbox 1129 573 1202 639; x_wconf 89' lang='lat' dir='ltr'>sub·</span> 
     </span>
     <span class='ocr_line' id='line_1_4' title="bbox 1 677 1200 767; baseline 0.002 -23"><span class='ocrx_word' id='word_1_21' title='bbox 1 749 2 752; x_wconf 49' lang='lat'>,</span> <span class='ocrx_word' id='word_1_22' title='bbox 72 677 154 744; x_wconf 90' lang='lat' dir='ltr'>sidio</span> <span class='ocrx_word' id='word_1_23' title='bbox 171 679 252 745; x_wconf 91' lang='lat' dir='ltr'>dicti</span> <span class='ocrx_word' id='word_1_24' title='bbox 263 680 365 762; x_wconf 88' lang='lat' dir='ltr'>Regis</span> <span class='ocrx_word' id='word_1_25' title='bbox 376 681 559 764; x_wconf 91' lang='lat' dir='ltr'>Hungarie,</span> <span class='ocrx_word' id='word_1_26' title='bbox 575 682 626 747; x_wconf 84' lang='lat' dir='ltr'>vel</span> <span class='ocrx_word' id='word_1_27' title='bbox 641 682 804 767; x_wconf 90' lang='lat' dir='ltr'>heredum,</span> <span class='ocrx_word' id='word_1_28' title='bbox 820 684 888 749; x_wconf 90' lang='lat' dir='ltr'>siue</span> <span class='ocrx_word' id='word_1_29' title='bbox 898 702 1119 748; x_wconf 91' lang='lat' dir='ltr'>successorum</span> <span class='ocrx_word' id='word_1_30' title='bbox 1130 683 1200 746; x_wconf 87' lang='lat' dir='ltr'>eius</span> 
     </span>
     <span class='ocr_line' id='line_1_5' title="bbox 1 785 1201 875; baseline -0.001 -22"><span class='ocrx_word' id='word_1_31' title='bbox 1 830 2 842; x_wconf 58' lang='lat'>,</span> <span class='ocrx_word' id='word_1_32' title='bbox 74 791 133 853; x_wconf 85' lang='lat' dir='ltr'>aut</span> <span class='ocrx_word' id='word_1_33' title='bbox 147 785 257 870; x_wconf 83' lang='lat' dir='ltr'>Regni</span> <span class='ocrx_word' id='word_1_34' title='bbox 272 789 331 868; x_wconf 91' lang='lat' dir='ltr'>sui,</span> <span class='ocrx_word' id='word_1_35' title='bbox 351 793 506 872; x_wconf 89' lang='lat' dir='ltr'>tanquam</span> <span class='ocrx_word' id='word_1_36' title='bbox 523 789 693 872; x_wconf 88' lang='lat' dir='ltr'>proprium</span> <span class='ocrx_word' id='word_1_37' title='bbox 710 796 742 855; x_wconf 90' lang='lat' dir='ltr'>et</span> <span class='ocrx_word' id='word_1_38' title='bbox 757 790 931 875; x_wconf 80' lang='lat' dir='ltr'>capitalem</span> <span class='ocrx_word' id='word_1_39' title='bbox 946 788 1112 854; x_wconf 88' lang='lat' dir='ltr'>inimicum</span> <span class='ocrx_word' id='word_1_40' title='bbox 1129 808 1201 853; x_wconf 86' lang='lat' dir='ltr'>nos-</span> 
     </span>
    </p>
   </div>
   <div class='ocr_carea' id='block_1_4' title="bbox 71 895 1202 980">
    <p class='ocr_par' dir='ltr' id='par_1_4' title="bbox 71 895 1202 980">
     <span class='ocr_line' id='line_1_6' title="bbox 71 895 1202 980; baseline 0 -22"><span class='ocrx_word' id='word_1_41' title='bbox 71 898 161 958; x_wconf 89' lang='lat' dir='ltr'>trum</span> <span class='ocrx_word' id='word_1_42' title='bbox 177 914 251 959; x_wconf 90' lang='lat' dir='ltr'>cum</span> <span class='ocrx_word' id='word_1_43' title='bbox 266 899 337 960; x_wconf 87' lang='lat' dir='ltr'>tota</span> <span class='ocrx_word' id='word_1_44' title='bbox 353 901 469 960; x_wconf 90' lang='lat' dir='ltr'>nostra</span> <span class='ocrx_word' id='word_1_45' title='bbox 478 897 629 980; x_wconf 88' lang='lat' dir='ltr'>potencia</span> <span class='ocrx_word' id='word_1_46' title='bbox 640 902 672 961; x_wconf 91' lang='lat' dir='ltr'>et</span> <span class='ocrx_word' id='word_1_47' title='bbox 681 897 803 964; x_wconf 84' lang='lat' dir='ltr'>viribus</span> <span class='ocrx_word' id='word_1_48' title='bbox 813 895 978 963; x_wconf 87' lang='lat' dir='ltr'>hostiliter</span> <span class='ocrx_word' id='word_1_49' title='bbox 988 895 1202 977; x_wconf 84' lang='lat' dir='ltr'>insurgemus.</span> 
     </span>
    </p>
   </div>
   <div class='ocr_carea' id='block_1_5' title="bbox 1 997 1215 2158">
    <p class='ocr_par' dir='ltr' id='par_1_5' title="bbox 1 997 1215 2158">
     <span class='ocr_line' id='line_1_7' title="bbox 1 997 1204 1088; baseline 0.001 -22"><span class='ocrx_word' id='word_1_50' title='bbox 1 997 2 1006; x_wconf 72' lang='grc'>’</span> <span class='ocrx_word' id='word_1_51' title='bbox 71 999 232 1067; x_wconf 90' lang='lat' dir='ltr'>Preterea</span> <span class='ocrx_word' id='word_1_52' title='bbox 256 1001 343 1067; x_wconf 90' lang='lat' dir='ltr'>omni</span> <span class='ocrx_word' id='word_1_53' title='bbox 367 1001 441 1086; x_wconf 92' lang='lat' dir='ltr'>iuri,</span> <span class='ocrx_word' id='word_1_54' title='bbox 467 1005 494 1068; x_wconf 93' lang='lat' dir='ltr'>si</span> <span class='ocrx_word' id='word_1_55' title='bbox 520 1001 608 1088; x_wconf 93' lang='lat' dir='ltr'>quod</span> <span class='ocrx_word' id='word_1_56' title='bbox 624 1003 659 1068; x_wconf 93' lang='lat' dir='ltr'>in</span> <span class='ocrx_word' id='word_1_57' title='bbox 675 1001 828 1088; x_wconf 81' lang='lat' dir='ltr'>Ciuitate,</span> <span class='ocrx_word' id='word_1_58' title='bbox 853 1002 973 1071; x_wconf 84' lang='lat' dir='ltr'>Castro</span> <span class='ocrx_word' id='word_1_59' title='bbox 989 1007 1022 1068; x_wconf 89' lang='lat' dir='ltr'>et</span> <span class='ocrx_word' id='word_1_60' title='bbox 1037 1001 1204 1068; x_wconf 79' lang='lat' dir='ltr'>Comitatu</span> 
     </span>
     <span class='ocr_line' id='line_1_8' title="bbox 1 1106 1205 1195; baseline 0 -22"><span class='ocrx_word' id='word_1_61' title='bbox 1 1163 2 1190; x_wconf 48' lang='lat'>,</span> <span class='ocrx_word' id='word_1_62' title='bbox 73 1106 271 1176; x_wconf 89' lang='lat' dir='ltr'>Posoniensi</span> <span class='ocrx_word' id='word_1_63' title='bbox 296 1109 412 1192; x_wconf 90' lang='lat' dir='ltr'>quouis</span> <span class='ocrx_word' id='word_1_64' title='bbox 437 1110 542 1190; x_wconf 91' lang='lat' dir='ltr'>modo,</span> <span class='ocrx_word' id='word_1_65' title='bbox 567 1111 707 1176; x_wconf 83' lang='lat' dir='ltr'>maxime</span> <span class='ocrx_word' id='word_1_66' title='bbox 726 1119 862 1195; x_wconf 90' lang='lat' dir='ltr'>propter</span> <span class='ocrx_word' id='word_1_67' title='bbox 878 1111 995 1191; x_wconf 89' lang='lat' dir='ltr'>dotem,</span> <span class='ocrx_word' id='word_1_68' title='bbox 1021 1108 1090 1176; x_wconf 90' lang='lat' dir='ltr'>siue</span> <span class='ocrx_word' id='word_1_69' title='bbox 1106 1109 1205 1174; x_wconf 91' lang='lat' dir='ltr'>dona-</span> 
     </span>
     <span class='ocr_line' id='line_1_9' title="bbox 73 1213 1203 1300; baseline 0.001 -19.94"><span class='ocrx_word' id='word_1_70' title='bbox 73 1213 199 1280; x_wconf 88' lang='lat' dir='ltr'>cionem</span> <span class='ocrx_word' id='word_1_71' title='bbox 214 1221 352 1299; x_wconf 88' lang='lat' dir='ltr'>propter</span> <span class='ocrx_word' id='word_1_72' title='bbox 367 1216 504 1300; x_wconf 85' lang='lat' dir='ltr'>nupcias</span> <span class='ocrx_word' id='word_1_73' title='bbox 520 1215 721 1282; x_wconf 85' lang='lat' dir='ltr'>Excellentis</span> <span class='ocrx_word' id='word_1_74' title='bbox 736 1216 938 1300; x_wconf 89' lang='lat' dir='ltr'>Principisse</span> <span class='ocrx_word' id='word_1_75' title='bbox 954 1216 1082 1282; x_wconf 91' lang='lat' dir='ltr'>domine</span> <span class='ocrx_word' id='word_1_76' title='bbox 1092 1213 1203 1298; x_wconf 86' lang='lat' dir='ltr'>Agne-</span> 
     </span>
     <span class='ocr_line' id='line_1_10' title="bbox 1 1321 1204 1407; baseline 0.002 -20"><span class='ocrx_word' id='word_1_77' title='bbox 1 1321 2 1373; x_wconf 58' lang='grc' dir='ltr'><strong>ἶ</strong></span> <span class='ocrx_word' id='word_1_78' title='bbox 72 1325 114 1387; x_wconf 89' lang='lat' dir='ltr'>tis</span> <span class='ocrx_word' id='word_1_79' title='bbox 140 1323 265 1388; x_wconf 89' lang='lat' dir='ltr'>sororis</span> <span class='ocrx_word' id='word_1_80' title='bbox 290 1329 402 1389; x_wconf 91' lang='lat' dir='ltr'>nostre</span> <span class='ocrx_word' id='word_1_81' title='bbox 429 1323 596 1391; x_wconf 85' lang='lat' dir='ltr'>carissime</span> <span class='ocrx_word' id='word_1_82' title='bbox 620 1323 795 1390; x_wconf 87' lang='lat' dir='ltr'>habuimus</span> <span class='ocrx_word' id='word_1_83' title='bbox 815 1324 866 1391; x_wconf 82' lang='lat' dir='ltr'>vel</span> <span class='ocrx_word' id='word_1_84' title='bbox 881 1322 1048 1407; x_wconf 69' lang='lat' dir='ltr'>habemus</span> <span class='ocrx_word' id='word_1_85' title='bbox 1074 1329 1204 1407; x_wconf 86' lang='lat' dir='ltr'>puroet</span> 
     </span>
     <span class='ocr_line' id='line_1_11' title="bbox 74 1429 1206 1516; baseline 0.001 -19.939"><span class='ocrx_word' id='word_1_86' title='bbox 74 1429 268 1515; x_wconf 88' lang='lat' dir='ltr'>simpliciter</span> <span class='ocrx_word' id='word_1_87' title='bbox 294 1449 333 1496; x_wconf 85' lang='lat' dir='ltr'>ex</span> <span class='ocrx_word' id='word_1_88' title='bbox 358 1451 443 1496; x_wconf 90' lang='lat' dir='ltr'>nnnc</span> <span class='ocrx_word' id='word_1_89' title='bbox 468 1431 703 1514; x_wconf 80' lang='lat' dir='ltr'>renunciamus,</span> <span class='ocrx_word' id='word_1_90' title='bbox 727 1432 956 1514; x_wconf 88' lang='lat' dir='ltr'>promittentes</span> <span class='ocrx_word' id='word_1_91' title='bbox 975 1432 1089 1513; x_wconf 91' lang='lat' dir='ltr'>eidem,</span> <span class='ocrx_word' id='word_1_92' title='bbox 1116 1430 1206 1516; x_wconf 93' lang='lat' dir='ltr'>quod</span> 
     </span>
     <span class='ocr_line' id='line_1_12' title="bbox 1 1535 1215 1624; baseline 0.002 -22"><span class='ocrx_word' id='word_1_93' title='bbox 1 1539 2 1624; x_wconf 81' lang='lat' dir='ltr'>j</span> <span class='ocrx_word' id='word_1_94' title='bbox 75 1536 261 1622; x_wconf 86' lang='lat' dir='ltr'>predictam</span> <span class='ocrx_word' id='word_1_95' title='bbox 285 1536 452 1602; x_wconf 92' lang='lat' dir='ltr'>dominam</span> <span class='ocrx_word' id='word_1_96' title='bbox 476 1536 672 1622; x_wconf 88' lang='lat' dir='ltr'>inducemus,</span> <span class='ocrx_word' id='word_1_97' title='bbox 697 1559 738 1603; x_wconf 89' lang='lat' dir='ltr'>ne</span> <span class='ocrx_word' id='word_1_98' title='bbox 764 1560 861 1622; x_wconf 90' lang='lat' dir='ltr'>super</span> <span class='ocrx_word' id='word_1_99' title='bbox 877 1537 1032 1622; x_wconf 88' lang='lat' dir='ltr'>predictis</span> <span class='ocrx_word' id='word_1_100' title='bbox 1049 1535 1215 1620; x_wconf 79' lang='lat' dir='ltr'>Ciuitate,</span> 
     </span>
     <span class='ocr_line' id='line_1_13' title="bbox 1 1640 1206 1731; baseline 0.002 -21"><span class='ocrx_word' id='word_1_101' title='bbox 1 1649 2 1658; x_wconf 78' lang='grc'>’</span> <span class='ocrx_word' id='word_1_102' title='bbox 76 1643 199 1710; x_wconf 83' lang='lat' dir='ltr'>Castro</span> <span class='ocrx_word' id='word_1_103' title='bbox 216 1650 250 1710; x_wconf 90' lang='lat' dir='ltr'>et</span> <span class='ocrx_word' id='word_1_104' title='bbox 266 1644 434 1712; x_wconf 83' lang='lat' dir='ltr'>Comitatu</span> <span class='ocrx_word' id='word_1_105' title='bbox 450 1651 566 1712; x_wconf 87' lang='lat' dir='ltr'>contra</span> <span class='ocrx_word' id='word_1_106' title='bbox 580 1640 707 1730; x_wconf 88' lang='lat' dir='ltr'>Regem</span> <span class='ocrx_word' id='word_1_107' title='bbox 717 1647 900 1729; x_wconf 87' lang='lat' dir='ltr'>Hungarie,</span> <span class='ocrx_word' id='word_1_108' title='bbox 916 1645 1113 1731; x_wconf 86' lang='lat' dir='ltr'>heredesque</span> <span class='ocrx_word' id='word_1_109' title='bbox 1129 1667 1206 1713; x_wconf 90' lang='lat' dir='ltr'>suos</span> 
     </span>
     <span class='ocr_line' id='line_1_14' title="bbox 1 1752 1208 1842; baseline 0.003 -26"><span class='ocrx_word' id='word_1_110' title='bbox 1 1758 2 1842; x_wconf 70' lang='lat' dir='ltr'>J</span> <span class='ocrx_word' id='word_1_111' title='bbox 75 1757 109 1816; x_wconf 91' lang='lat' dir='ltr'>et</span> <span class='ocrx_word' id='word_1_112' title='bbox 135 1771 349 1833; x_wconf 85' lang='lat' dir='ltr'>successores,</span> <span class='ocrx_word' id='word_1_113' title='bbox 373 1757 433 1818; x_wconf 91' lang='lat' dir='ltr'>aut</span> <span class='ocrx_word' id='word_1_114' title='bbox 447 1752 600 1836; x_wconf 87' lang='lat' dir='ltr'>Regnum</span> <span class='ocrx_word' id='word_1_115' title='bbox 625 1775 727 1834; x_wconf 92' lang='lat' dir='ltr'>suum,</span> <span class='ocrx_word' id='word_1_116' title='bbox 751 1753 843 1820; x_wconf 90' lang='lat' dir='ltr'>litem</span> <span class='ocrx_word' id='word_1_117' title='bbox 859 1753 1010 1838; x_wconf 89' lang='lat' dir='ltr'>deinceps</span> <span class='ocrx_word' id='word_1_118' title='bbox 1026 1754 1145 1822; x_wconf 75' lang='lat' dir='ltr'>debeat</span> <span class='ocrx_word' id='word_1_119' title='bbox 1160 1755 1208 1820; x_wconf 91' lang='lat' dir='ltr'>in·</span> 
     </span>
     <span class='ocr_line' id='line_1_15' title="bbox 1 1853 1209 1944; baseline 0.002 -20"><span class='ocrx_word' id='word_1_120' title='bbox 1 1853 2 1934; x_wconf 56' lang='lat' dir='ltr'>l</span> <span class='ocrx_word' id='word_1_121' title='bbox 75 1865 227 1938; x_wconf 82' lang='lat' dir='ltr'>tentare3</span> <span class='ocrx_word' id='word_1_122' title='bbox 260 1857 405 1940; x_wconf 89' lang='lat' dir='ltr'>alioquin</span> <span class='ocrx_word' id='word_1_123' title='bbox 431 1857 535 1924; x_wconf 92' lang='lat' dir='ltr'>eidem</span> <span class='ocrx_word' id='word_1_124' title='bbox 551 1857 645 1941; x_wconf 90' lang='lat' dir='ltr'>Regi,</span> <span class='ocrx_word' id='word_1_125' title='bbox 670 1859 736 1924; x_wconf 89' lang='lat' dir='ltr'>suis</span> <span class='ocrx_word' id='word_1_126' title='bbox 752 1859 934 1941; x_wconf 71' lang='lat' dir='ltr'>heredibus</span> <span class='ocrx_word' id='word_1_127' title='bbox 959 1865 993 1926; x_wconf 90' lang='lat' dir='ltr'>et</span> <span class='ocrx_word' id='word_1_128' title='bbox 1008 1859 1126 1944; x_wconf 88' lang='lat' dir='ltr'>Regno</span> <span class='ocrx_word' id='word_1_129' title='bbox 1142 1882 1209 1944; x_wconf 92' lang='lat' dir='ltr'>suo,</span> 
     </span>
     <span class='ocr_line' id='line_1_16' title="bbox 1 1946 1207 2052; baseline 0.001 -20"><span class='ocrx_word' id='word_1_130' title='bbox 1 1946 3 1960; x_wconf 41' lang='lat'><strong>³</strong></span> <span class='ocrx_word' id='word_1_131' title='bbox 78 1964 235 2052; x_wconf 87' lang='lat' dir='ltr'>eonsilijs,</span> <span class='ocrx_word' id='word_1_132' title='bbox 251 1966 381 2052; x_wconf 86' lang='lat' dir='ltr'>auxilijs</span> <span class='ocrx_word' id='word_1_133' title='bbox 397 1973 512 2033; x_wconf 90' lang='lat' dir='ltr'>contra</span> <span class='ocrx_word' id='word_1_134' title='bbox 527 1966 690 2050; x_wconf 86' lang='lat' dir='ltr'>prefatam</span> <span class='ocrx_word' id='word_1_135' title='bbox 705 1967 871 2033; x_wconf 89' lang='lat' dir='ltr'>dominam</span> <span class='ocrx_word' id='word_1_136' title='bbox 886 1967 1081 2034; x_wconf 88' lang='lat' dir='ltr'>assistemus.</span> <span class='ocrx_word' id='word_1_137' title='bbox 1115 1967 1207 2033; x_wconf 80' lang='lat' dir='ltr'>Oete·</span> 
     </span>
     <span class='ocr_line' id='line_1_17' title="bbox 1 2071 1207 2158; baseline 0.002 -20"><span class='ocrx_word' id='word_1_138' title='bbox 1 2089 2 2149; x_wconf 42' lang='grc' dir='ltr'>ᾗ</span> <span class='ocrx_word' id='word_1_139' title='bbox 77 2096 152 2140; x_wconf 90' lang='lat' dir='ltr'>rum</span> <span class='ocrx_word' id='word_1_140' title='bbox 169 2074 280 2140; x_wconf 87' lang='lat' dir='ltr'>omnia</span> <span class='ocrx_word' id='word_1_141' title='bbox 297 2073 372 2139; x_wconf 84' lang='lat' dir='ltr'>iura</span> <span class='ocrx_word' id='word_1_142' title='bbox 387 2075 421 2139; x_wconf 91' lang='lat' dir='ltr'>in</span> <span class='ocrx_word' id='word_1_143' title='bbox 437 2074 636 2157; x_wconf 84' lang='lat' dir='ltr'>quibuslibet</span> <span class='ocrx_word' id='word_1_144' title='bbox 651 2074 731 2140; x_wconf 89' lang='lat' dir='ltr'>locis</span> <span class='ocrx_word' id='word_1_145' title='bbox 748 2079 780 2140; x_wconf 90' lang='lat' dir='ltr'>et</span> <span class='ocrx_word' id='word_1_146' title='bbox 789 2071 945 2154; x_wconf 88' lang='lat' dir='ltr'>terminis,</span> <span class='ocrx_word' id='word_1_147' title='bbox 961 2076 1014 2141; x_wconf 87' lang='lat' dir='ltr'>vbi</span> <span class='ocrx_word' id='word_1_148' title='bbox 1024 2075 1109 2140; x_wconf 90' lang='lat' dir='ltr'>idem</span> <span class='ocrx_word' id='word_1_149' title='bbox 1120 2073 1207 2158; x_wconf 89' lang='lat' dir='ltr'>Reg-</span> 
     </span>
    </p>
   </div>
   <div class='ocr_carea' id='block_1_6' title="bbox 1 2169 1210 2267">
    <p class='ocr_par' dir='ltr' id='par_1_6' title="bbox 1 2169 1210 2267">
     <span class='ocr_line' id='line_1_18' title="bbox 1 2169 1210 2267; baseline 0.002 -23"><span class='ocrx_word' id='word_1_150' title='bbox 1 2169 2 2244; x_wconf 55' lang='grc' dir='ltr'>ᾗ</span> <span class='ocrx_word' id='word_1_151' title='bbox 78 2204 158 2247; x_wconf 90' lang='lat' dir='ltr'>num</span> <span class='ocrx_word' id='word_1_152' title='bbox 173 2181 347 2264; x_wconf 87' lang='lat' dir='ltr'>Hungarie</span> <span class='ocrx_word' id='word_1_153' title='bbox 362 2183 486 2249; x_wconf 91' lang='lat' dir='ltr'>nostris</span> <span class='ocrx_word' id='word_1_154' title='bbox 501 2181 804 2267; x_wconf 85' lang='lat' dir='ltr'>Marohyonatibus,</span> <span class='ocrx_word' id='word_1_155' title='bbox 829 2176 1019 2249; x_wconf 85' lang='lat' dir='ltr'>Ducatibus¹</span> <span class='ocrx_word' id='word_1_156' title='bbox 1029 2188 1063 2248; x_wconf 93' lang='lat' dir='ltr'>et</span> <span class='ocrx_word' id='word_1_157' title='bbox 1078 2182 1210 2266; x_wconf 89' lang='lat' dir='ltr'>tenutis,</span> 
     </span>
    </p>
   </div>
   <div class='ocr_carea' id='block_1_7' title="bbox 78 2287 1211 2373">
    <p class='ocr_par' dir='ltr' id='par_1_7' title="bbox 78 2287 1211 2373">
     <span class='ocr_line' id='line_1_19' title="bbox 78 2287 1211 2373; baseline 0 -19"><span class='ocrx_word' id='word_1_158' title='bbox 78 2287 218 2354; x_wconf 85' lang='lat' dir='ltr'>Austris</span> <span class='ocrx_word' id='word_1_159' title='bbox 243 2289 370 2354; x_wconf 88' lang='lat' dir='ltr'>scilicet</span> <span class='ocrx_word' id='word_1_160' title='bbox 385 2294 419 2354; x_wconf 89' lang='lat' dir='ltr'>et</span> <span class='ocrx_word' id='word_1_161' title='bbox 435 2287 555 2373; x_wconf 79' lang='lat' dir='ltr'>Styrie,</span> <span class='ocrx_word' id='word_1_162' title='bbox 581 2289 734 2355; x_wconf 81' lang='lat' dir='ltr'>Carniole</span> <span class='ocrx_word' id='word_1_163' title='bbox 750 2295 784 2356; x_wconf 88' lang='lat' dir='ltr'>et</span> <span class='ocrx_word' id='word_1_164' title='bbox 800 2288 873 2373; x_wconf 87' lang='lat' dir='ltr'>alijs</span> <span class='ocrx_word' id='word_1_165' title='bbox 889 2294 1103 2356; x_wconf 86' lang='lat' dir='ltr'>commetatur</span> <span class='ocrx_word' id='word_1_166' title='bbox 1117 2294 1151 2355; x_wconf 90' lang='lat' dir='ltr'>et</span> <span class='ocrx_word' id='word_1_167' title='bbox 1166 2289 1211 2354; x_wconf 82' lang='lat' dir='ltr'>vi-</span> 
     </span>
    </p>
   </div>
   <div class='ocr_carea' id='block_1_8' title="bbox 1 2395 1213 2802">
    <p class='ocr_par' dir='ltr' id='par_1_8' title="bbox 1 2395 1213 2802">
     <span class='ocr_line' id='line_1_20' title="bbox 1 2395 1208 2482; baseline 0.002 -23"><span class='ocrx_word' id='word_1_168' title='bbox 1 2427 2 2430; x_wconf 36' lang='lat'>¹</span> <span class='ocrx_word' id='word_1_169' title='bbox 79 2395 221 2477; x_wconf 88' lang='lat' dir='ltr'>cinatur,</span> <span class='ocrx_word' id='word_1_170' title='bbox 238 2398 434 2464; x_wconf 85' lang='lat' dir='ltr'>intraveras</span> <span class='ocrx_word' id='word_1_171' title='bbox 451 2403 483 2463; x_wconf 87' lang='lat' dir='ltr'>et</span> <span class='ocrx_word' id='word_1_172' title='bbox 499 2397 651 2482; x_wconf 88' lang='lat' dir='ltr'>antiquas</span> <span class='ocrx_word' id='word_1_173' title='bbox 667 2402 771 2462; x_wconf 89' lang='lat' dir='ltr'>metas</span> <span class='ocrx_word' id='word_1_174' title='bbox 787 2397 931 2463; x_wconf 90' lang='lat' dir='ltr'>eiusdem</span> <span class='ocrx_word' id='word_1_175' title='bbox 946 2396 1054 2481; x_wconf 89' lang='lat' dir='ltr'>Regni</span> <span class='ocrx_word' id='word_1_176' title='bbox 1071 2397 1208 2479; x_wconf 82' lang='lat' dir='ltr'>Hunga-</span> 
     </span>
     <span class='ocr_line' id='line_1_21' title="bbox 79 2499 1213 2587; baseline 0 -20"><span class='ocrx_word' id='word_1_177' title='bbox 79 2501 130 2568; x_wconf 87' lang='lat' dir='ltr'>rie</span> <span class='ocrx_word' id='word_1_178' title='bbox 156 2501 275 2568; x_wconf 90' lang='lat' dir='ltr'>habita</span> <span class='ocrx_word' id='word_1_179' title='bbox 299 2506 332 2566; x_wconf 89' lang='lat' dir='ltr'>et</span> <span class='ocrx_word' id='word_1_180' title='bbox 356 2501 504 2568; x_wconf 86' lang='lat' dir='ltr'>sistentia</span> <span class='ocrx_word' id='word_1_181' title='bbox 528 2524 587 2586; x_wconf 90' lang='lat' dir='ltr'>per</span> <span class='ocrx_word' id='word_1_182' title='bbox 612 2507 739 2569; x_wconf 88' lang='lat' dir='ltr'>nostros</span> <span class='ocrx_word' id='word_1_183' title='bbox 755 2499 990 2586; x_wconf 89' lang='lat' dir='ltr'>progenitores,</span> <span class='ocrx_word' id='word_1_184' title='bbox 1017 2507 1154 2587; x_wconf 90' lang='lat' dir='ltr'>patrem,</span> <span class='ocrx_word' id='word_1_185' title='bbox 1180 2509 1213 2567; x_wconf 89' lang='lat' dir='ltr'>et</span> 
     </span>
     <span class='ocr_line' id='line_1_22' title="bbox 1 2605 1213 2694; baseline 0 -20"><span class='ocrx_word' id='word_1_186' title='bbox 1 2612 2 2694; x_wconf 81' lang='lat' dir='ltr'>l</span> <span class='ocrx_word' id='word_1_187' title='bbox 79 2629 150 2692; x_wconf 89' lang='lat' dir='ltr'>nos,</span> <span class='ocrx_word' id='word_1_188' title='bbox 161 2614 358 2691; x_wconf 88' lang='lat' dir='ltr'>nostrosque</span> <span class='ocrx_word' id='word_1_189' title='bbox 368 2607 516 2676; x_wconf 82' lang='lat' dir='ltr'>Berones</span> <span class='ocrx_word' id='word_1_190' title='bbox 527 2609 595 2674; x_wconf 88' lang='lat' dir='ltr'>siue</span> <span class='ocrx_word' id='word_1_191' title='bbox 604 2607 841 2678; x_wconf 90' lang='lat' dir='ltr'>Ministsriales</span> <span class='ocrx_word' id='word_1_192' title='bbox 852 2608 1015 2675; x_wconf 88' lang='lat' dir='ltr'>dictorum</span> <span class='ocrx_word' id='word_1_193' title='bbox 1024 2605 1213 2676; x_wconf 89' lang='lat' dir='ltr'>Ducatuum</span> 
     </span>
     <span class='ocr_line' id='line_1_23' title="bbox 1 2711 1212 2802; baseline 0.002 -21"><span class='ocrx_word' id='word_1_194' title='bbox 1 2711 2 2717; x_wconf 58' lang='lat'><em>&#39;</em></span> <span class='ocrx_word' id='word_1_195' title='bbox 81 2715 152 2781; x_wconf 89' lang='lat' dir='ltr'>sine</span> <span class='ocrx_word' id='word_1_196' title='bbox 170 2713 389 2783; x_wconf 91' lang='lat' dir='ltr'>dominiorum</span> <span class='ocrx_word' id='word_1_197' title='bbox 404 2739 614 2802; x_wconf 89' lang='lat' dir='ltr'>quoscunque</span> <span class='ocrx_word' id='word_1_198' title='bbox 627 2722 807 2800; x_wconf 83' lang='lat' dir='ltr'>vequetnnc</span> <span class='ocrx_word' id='word_1_199' title='bbox 818 2739 1009 2802; x_wconf 87' lang='lat' dir='ltr'>quocunque</span> <span class='ocrx_word' id='word_1_200' title='bbox 1020 2712 1125 2799; x_wconf 92' lang='lat' dir='ltr'>modo,</span> <span class='ocrx_word' id='word_1_201' title='bbox 1141 2723 1212 2784; x_wconf 87' lang='lat' dir='ltr'>arte</span> 
     </span>
    </p>
   </div>
   <div class='ocr_carea' id='block_1_9' title="bbox 1 2925 3 3458">
    <p class='ocr_par' dir='ltr' id='par_1_9' title="bbox 1 2925 3 3458">
     <span class='ocr_line' id='line_1_24' title="bbox 1 2925 2 2986; baseline 0 -13"><span class='ocrx_word' id='word_1_202' title='bbox 1 2925 2 2986; x_wconf 62' lang='lat' dir='ltr'>l</span> 
     </span>
     <span class='ocr_line' id='line_1_25' title="bbox 1 2992 2 3042; baseline 0 0"><span class='ocrx_word' id='word_1_203' title='bbox 1 2992 2 3042; x_wconf 78' lang='lat' dir='ltr'>l</span> 
     </span>
     <span class='ocr_line' id='line_1_26' title="bbox 1 3055 3 3124; baseline 0 0"><span class='ocrx_word' id='word_1_204' title='bbox 1 3055 3 3124; x_wconf 89' lang='lat' dir='ltr'>l</span> 
     </span>
     <span class='ocr_line' id='line_1_27' title="bbox 1 3198 2 3258; baseline 0 0"><span class='ocrx_word' id='word_1_205' title='bbox 1 3198 2 3258; x_wconf 88' lang='lat' dir='ltr'>l</span> 
     </span>
     <span class='ocr_line' id='line_1_28' title="bbox 1 3411 2 3458; baseline 0 0"><span class='ocrx_word' id='word_1_206' title='bbox 1 3411 2 3458; x_wconf 80' lang='lat' dir='ltr'>l</span> 
     </span>
    </p>
   </div>
   <div class='ocr_carea' id='block_1_10' title="bbox 77 2822 1216 3558">
    <p class='ocr_par' dir='ltr' id='par_1_10' title="bbox 77 2822 1216 3558">
     <span class='ocr_line' id='line_1_29' title="bbox 79 2822 1213 2918; baseline 0.002 -28"><span class='ocrx_word' id='word_1_207' title='bbox 79 2825 133 2918; x_wconf 84' lang='lat' dir='ltr'>sel</span> <span class='ocrx_word' id='word_1_208' title='bbox 149 2823 282 2906; x_wconf 89' lang='lat' dir='ltr'>ingenio</span> <span class='ocrx_word' id='word_1_209' title='bbox 299 2822 423 2907; x_wconf 89' lang='lat' dir='ltr'>habita,</span> <span class='ocrx_word' id='word_1_210' title='bbox 439 2831 607 2909; x_wconf 86' lang='lat' dir='ltr'>occupata,</span> <span class='ocrx_word' id='word_1_211' title='bbox 633 2833 739 2911; x_wconf 80' lang='lat' dir='ltr'>capta,</span> <span class='ocrx_word' id='word_1_212' title='bbox 755 2847 906 2911; x_wconf 88' lang='lat' dir='ltr'>possessa</span> <span class='ocrx_word' id='word_1_213' title='bbox 921 2833 954 2892; x_wconf 92' lang='lat' dir='ltr'>et</span> <span class='ocrx_word' id='word_1_214' title='bbox 970 2824 1113 2908; x_wconf 88' lang='lat' dir='ltr'>detenta,</span> <span class='ocrx_word' id='word_1_215' title='bbox 1127 2823 1213 2892; x_wconf 80' lang='lat' dir='ltr'>ride·</span> 
     </span>
     <span class='ocr_line' id='line_1_30' title="bbox 80 2927 1213 3018; baseline -0.001 -20"><span class='ocrx_word' id='word_1_216' title='bbox 80 2932 160 2998; x_wconf 93' lang='lat' dir='ltr'>licet</span> <span class='ocrx_word' id='word_1_217' title='bbox 178 2927 309 3017; x_wconf 77' lang='lat' dir='ltr'>Castra,</span> <span class='ocrx_word' id='word_1_218' title='bbox 332 2930 522 3014; x_wconf 89' lang='lat' dir='ltr'>Districtus,</span> <span class='ocrx_word' id='word_1_219' title='bbox 548 2934 655 3018; x_wconf 88' lang='lat' dir='ltr'>opida,</span> <span class='ocrx_word' id='word_1_220' title='bbox 680 2934 776 3000; x_wconf 84' lang='lat' dir='ltr'>rillas</span> <span class='ocrx_word' id='word_1_221' title='bbox 793 2939 827 2999; x_wconf 90' lang='lat' dir='ltr'>et</span> <span class='ocrx_word' id='word_1_222' title='bbox 842 2940 958 3014; x_wconf 88' lang='lat' dir='ltr'>terras,</span> <span class='ocrx_word' id='word_1_223' title='bbox 974 2954 1046 2998; x_wconf 88' lang='lat' dir='ltr'>cum</span> <span class='ocrx_word' id='word_1_224' title='bbox 1063 2930 1213 2998; x_wconf 89' lang='lat' dir='ltr'>omnibus</span> 
     </span>
     <span class='ocr_line' id='line_1_31' title="bbox 81 3035 1215 3126; baseline 0 -22"><span class='ocrx_word' id='word_1_225' title='bbox 81 3040 152 3107; x_wconf 87' lang='lat' dir='ltr'>suis</span> <span class='ocrx_word' id='word_1_226' title='bbox 164 3035 306 3124; x_wconf 69' lang='lat' dir='ltr'>juribus</span> <span class='ocrx_word' id='word_1_227' title='bbox 321 3039 519 3106; x_wconf 80' lang='lat' dir='ltr'>vtihtatibus</span> <span class='ocrx_word' id='word_1_228' title='bbox 535 3047 568 3107; x_wconf 91' lang='lat' dir='ltr'>et</span> <span class='ocrx_word' id='word_1_229' title='bbox 578 3040 788 3126; x_wconf 86' lang='lat' dir='ltr'>pertinencijs</span> <span class='ocrx_word' id='word_1_230' title='bbox 798 3041 965 3122; x_wconf 77' lang='lat' dir='ltr'>uniuersis,</span> <span class='ocrx_word' id='word_1_231' title='bbox 981 3062 1019 3108; x_wconf 91' lang='lat' dir='ltr'>ao</span> <span class='ocrx_word' id='word_1_232' title='bbox 1030 3035 1137 3106; x_wconf 89' lang='lat' dir='ltr'>omnia</span> <span class='ocrx_word' id='word_1_233' title='bbox 1147 3038 1215 3105; x_wconf 87' lang='lat' dir='ltr'>alia</span> 
     </span>
     <span class='ocr_line' id='line_1_32' title="bbox 77 3144 1215 3232; baseline 0 -20"><span class='ocrx_word' id='word_1_234' title='bbox 77 3145 159 3232; x_wconf 87' lang='lat' dir='ltr'>jura</span> <span class='ocrx_word' id='word_1_235' title='bbox 186 3144 340 3230; x_wconf 84' lang='lat' dir='ltr'>quelibet,</span> <span class='ocrx_word' id='word_1_236' title='bbox 365 3149 482 3232; x_wconf 89' lang='lat' dir='ltr'>quouis</span> <span class='ocrx_word' id='word_1_237' title='bbox 506 3148 662 3217; x_wconf 82' lang='lat' dir='ltr'>vocabulo</span> <span class='ocrx_word' id='word_1_238' title='bbox 679 3155 881 3231; x_wconf 89' lang='lat' dir='ltr'>censeantur,</span> <span class='ocrx_word' id='word_1_239' title='bbox 907 3146 1091 3231; x_wconf 86' lang='lat' dir='ltr'>specialiter</span> <span class='ocrx_word' id='word_1_240' title='bbox 1106 3147 1215 3212; x_wconf 87' lang='lat' dir='ltr'>autem</span> 
     </span>
     <span class='ocr_line' id='line_1_33' title="bbox 80 3239 1214 3341; baseline -0.003 -19"><span class='ocrx_word' id='word_1_241' title='bbox 80 3239 282 3322; x_wconf 81' lang='lat' dir='ltr'>Districtum</span> <span class='ocrx_word' id='word_1_242' title='bbox 306 3256 395 3322; x_wconf 86' lang='lat' dir='ltr'>inter</span> <span class='ocrx_word' id='word_1_243' title='bbox 409 3254 566 3324; x_wconf 81' lang='lat' dir='ltr'>Drawam</span> <span class='ocrx_word' id='word_1_244' title='bbox 585 3262 618 3323; x_wconf 92' lang='lat' dir='ltr'>et</span> <span class='ocrx_word' id='word_1_245' title='bbox 634 3257 765 3324; x_wconf 86' lang='lat' dir='ltr'>Moram</span> <span class='ocrx_word' id='word_1_246' title='bbox 781 3257 984 3341; x_wconf 86' lang='lat' dir='ltr'>existentem,</span> <span class='ocrx_word' id='word_1_247' title='bbox 1009 3277 1081 3321; x_wconf 93' lang='lat' dir='ltr'>cum</span> <span class='ocrx_word' id='word_1_248' title='bbox 1099 3251 1214 3338; x_wconf 89' lang='lat' dir='ltr'>opidis,</span> 
     </span>
     <span class='ocr_line' id='line_1_34' title="bbox 81 3363 1216 3450; baseline -0.003 -20"><span class='ocrx_word' id='word_1_249' title='bbox 81 3365 206 3431; x_wconf 86' lang='lat' dir='ltr'>castris</span> <span class='ocrx_word' id='word_1_250' title='bbox 230 3371 264 3432; x_wconf 87' lang='lat' dir='ltr'>ct</span> <span class='ocrx_word' id='word_1_251' title='bbox 288 3363 382 3450; x_wconf 82' lang='lat' dir='ltr'>villis,</span> <span class='ocrx_word' id='word_1_252' title='bbox 407 3371 441 3431; x_wconf 88' lang='lat' dir='ltr'>et</span> <span class='ocrx_word' id='word_1_253' title='bbox 466 3363 541 3450; x_wconf 89' lang='lat' dir='ltr'>alijs</span> <span class='ocrx_word' id='word_1_254' title='bbox 566 3366 633 3432; x_wconf 89' lang='lat' dir='ltr'>suis</span> <span class='ocrx_word' id='word_1_255' title='bbox 649 3364 773 3450; x_wconf 85' lang='lat' dir='ltr'>juribus</span> <span class='ocrx_word' id='word_1_256' title='bbox 789 3365 959 3445; x_wconf 78' lang='lat' dir='ltr'>uniuersis,</span> <span class='ocrx_word' id='word_1_257' title='bbox 975 3385 1079 3448; x_wconf 91' lang='lat' dir='ltr'>quem,</span> <span class='ocrx_word' id='word_1_258' title='bbox 1104 3384 1166 3446; x_wconf 91' lang='lat' dir='ltr'>que</span> <span class='ocrx_word' id='word_1_259' title='bbox 1183 3365 1216 3429; x_wconf 92' lang='lat' dir='ltr'>et</span> 
     </span>
     <span class='ocr_line' id='line_1_35' title="bbox 82 3467 1216 3558; baseline -0.004 -20"><span class='ocrx_word' id='word_1_260' title='bbox 82 3492 168 3558; x_wconf 88' lang='lat' dir='ltr'>quas</span> <span class='ocrx_word' id='word_1_261' title='bbox 184 3467 304 3540; x_wconf 89' lang='lat' dir='ltr'>nobilis</span> <span class='ocrx_word' id='word_1_262' title='bbox 320 3479 352 3538; x_wconf 90' lang='lat' dir='ltr'>et</span> <span class='ocrx_word' id='word_1_263' title='bbox 368 3478 520 3538; x_wconf 90' lang='lat' dir='ltr'>strenuus</span> <span class='ocrx_word' id='word_1_264' title='bbox 537 3474 586 3538; x_wconf 82' lang='lat' dir='ltr'>vir</span> <span class='ocrx_word' id='word_1_265' title='bbox 602 3468 735 3541; x_wconf 84' lang='lat' dir='ltr'>Vlricus</span> <span class='ocrx_word' id='word_1_266' title='bbox 752 3473 792 3540; x_wconf 90' lang='lat' dir='ltr'>de</span> <span class='ocrx_word' id='word_1_267' title='bbox 808 3473 919 3542; x_wconf 87' lang='lat' dir='ltr'>Walse</span> <span class='ocrx_word' id='word_1_268' title='bbox 937 3469 1086 3552; x_wconf 85' lang='lat' dir='ltr'>detinuit,</span> <span class='ocrx_word' id='word_1_269' title='bbox 1102 3470 1216 3538; x_wconf 89' lang='lat' dir='ltr'>habuit</span> 
     </span>
    </p>
   </div>
   <div class='ocr_carea' id='block_1_11' title="bbox 1 3574 1218 3988">
    <p class='ocr_par' dir='ltr' id='par_1_11' title="bbox 1 3574 1218 3988">
     <span class='ocr_line' id='line_1_36' title="bbox 1 3574 1216 3666; baseline -0.002 -20"><span class='ocrx_word' id='word_1_270' title='bbox 1 3607 2 3613; x_wconf 46' lang='lat'>¹</span> <span class='ocrx_word' id='word_1_271' title='bbox 81 3587 116 3646; x_wconf 90' lang='lat' dir='ltr'>et</span> <span class='ocrx_word' id='word_1_272' title='bbox 141 3577 299 3665; x_wconf 86' lang='lat' dir='ltr'>possedit,</span> <span class='ocrx_word' id='word_1_273' title='bbox 325 3601 517 3665; x_wconf 88' lang='lat' dir='ltr'>quocunque</span> <span class='ocrx_word' id='word_1_274' title='bbox 542 3579 624 3647; x_wconf 82' lang='lat' dir='ltr'>facti</span> <span class='ocrx_word' id='word_1_275' title='bbox 639 3582 691 3647; x_wconf 81' lang='lat' dir='ltr'>vel</span> <span class='ocrx_word' id='word_1_276' title='bbox 705 3579 788 3666; x_wconf 88' lang='lat' dir='ltr'>juris</span> <span class='ocrx_word' id='word_1_277' title='bbox 804 3587 864 3647; x_wconf 88' lang='lat' dir='ltr'>aut</span> <span class='ocrx_word' id='word_1_278' title='bbox 880 3579 1106 3664; x_wconf 89' lang='lat' dir='ltr'>occupacionis</span> <span class='ocrx_word' id='word_1_279' title='bbox 1120 3574 1216 3644; x_wconf 86' lang='lat' dir='ltr'>titulo</span> 
     </span>
     <span class='ocr_line' id='line_1_37' title="bbox 1 3682 1216 3773; baseline -0.005 -19"><span class='ocrx_word' id='word_1_280' title='bbox 1 3763 2 3772; x_wconf 8' lang='grc' dir='ltr'>ἵ</span> <span class='ocrx_word' id='word_1_281' title='bbox 82 3709 186 3773; x_wconf 68' lang='lat' dir='ltr'>esque</span> <span class='ocrx_word' id='word_1_282' title='bbox 202 3685 308 3770; x_wconf 89' lang='lat' dir='ltr'>modo,</span> <span class='ocrx_word' id='word_1_283' title='bbox 332 3685 481 3772; x_wconf 89' lang='lat' dir='ltr'>predicto</span> <span class='ocrx_word' id='word_1_284' title='bbox 507 3682 639 3754; x_wconf 90' lang='lat' dir='ltr'>domino</span> <span class='ocrx_word' id='word_1_285' title='bbox 654 3683 741 3771; x_wconf 85' lang='lat' dir='ltr'>Regi</span> <span class='ocrx_word' id='word_1_286' title='bbox 756 3687 937 3772; x_wconf 88' lang='lat' dir='ltr'>Hungario,</span> <span class='ocrx_word' id='word_1_287' title='bbox 963 3687 1029 3752; x_wconf 88' lang='lat' dir='ltr'>suis</span> <span class='ocrx_word' id='word_1_288' title='bbox 1045 3684 1216 3751; x_wconf 90' lang='lat' dir='ltr'>heredibus</span> 
     </span>
     <span class='ocr_line' id='line_1_38' title="bbox 82 3788 1218 3890; baseline -0.003 -30.266"><span class='ocrx_word' id='word_1_289' title='bbox 82 3803 118 3862; x_wconf 91' lang='lat' dir='ltr'>et</span> <span class='ocrx_word' id='word_1_290' title='bbox 146 3794 398 3890; x_wconf 63' lang='lat' dir='ltr'>successoribus,</span> <span class='ocrx_word' id='word_1_291' title='bbox 423 3795 613 3879; x_wconf 86' lang='lat' dir='ltr'>pariterque</span> <span class='ocrx_word' id='word_1_292' title='bbox 628 3795 746 3878; x_wconf 89' lang='lat' dir='ltr'>Regno</span> <span class='ocrx_word' id='word_1_293' title='bbox 763 3816 821 3862; x_wconf 90' lang='lat' dir='ltr'>suo</span> <span class='ocrx_word' id='word_1_294' title='bbox 839 3794 991 3877; x_wconf 90' lang='lat' dir='ltr'>deinceps</span> <span class='ocrx_word' id='word_1_295' title='bbox 1007 3788 1218 3872; x_wconf 86' lang='lat' dir='ltr'>reddidimus,</span> 
     </span>
     <span class='ocr_line' id='line_1_39' title="bbox 1 3897 1215 3988; baseline -0.008 -16"><span class='ocrx_word' id='word_1_296' title='bbox 1 3897 2 3965; x_wconf 60' lang='grc' dir='ltr'><em>ἕ</em></span> <span class='ocrx_word' id='word_1_297' title='bbox 81 3903 301 3982; x_wconf 89' lang='lat' dir='ltr'>restituimus,</span> <span class='ocrx_word' id='word_1_298' title='bbox 333 3901 524 3987; x_wconf 88' lang='lat' dir='ltr'>reliquimus</span> <span class='ocrx_word' id='word_1_299' title='bbox 559 3910 591 3970; x_wconf 88' lang='lat' dir='ltr'>et</span> <span class='ocrx_word' id='word_1_300' title='bbox 621 3899 857 3988; x_wconf 86' lang='lat' dir='ltr'>rosignauimus</span> <span class='ocrx_word' id='word_1_301' title='bbox 883 3897 1088 3983; x_wconf 89' lang='lat' dir='ltr'>integraliter</span> <span class='ocrx_word' id='word_1_302' title='bbox 1118 3898 1215 3983; x_wconf 90' lang='lat' dir='ltr'>pleno</span> 
     </span>
    </p>
   </div>
   <div class='ocr_carea' id='block_1_12' title="bbox 1 4003 1219 4206">
    <p class='ocr_par' dir='ltr' id='par_1_12' title="bbox 1 4003 1219 4206">
     <span class='ocr_line' id='line_1_40' title="bbox 1 4003 1219 4097; baseline -0.01 -18"><span class='ocrx_word' id='word_1_303' title='bbox 1 4060 2 4068; x_wconf 20' lang='grc' dir='ltr'><strong>κ</strong></span> <span class='ocrx_word' id='word_1_304' title='bbox 82 4011 168 4096; x_wconf 89' lang='lat' dir='ltr'>jure,</span> <span class='ocrx_word' id='word_1_305' title='bbox 194 4009 320 4078; x_wconf 90' lang='lat' dir='ltr'>nullum</span> <span class='ocrx_word' id='word_1_306' title='bbox 342 4013 405 4097; x_wconf 73' lang='lat' dir='ltr'>juS,</span> <span class='ocrx_word' id='word_1_307' title='bbox 431 4011 597 4077; x_wconf 89' lang='lat' dir='ltr'>nullumne</span> <span class='ocrx_word' id='word_1_308' title='bbox 622 4007 798 4077; x_wconf 90' lang='lat' dir='ltr'>dominium</span> <span class='ocrx_word' id='word_1_309' title='bbox 813 4029 852 4074; x_wconf 91' lang='lat' dir='ltr'>ac</span> <span class='ocrx_word' id='word_1_310' title='bbox 867 4005 1102 4092; x_wconf 89' lang='lat' dir='ltr'>proprietatem</span> <span class='ocrx_word' id='word_1_311' title='bbox 1117 4003 1219 4086; x_wconf 88' lang='lat' dir='ltr'>nobis,</span> 
     </span>
     <span class='ocr_line' id='line_1_41' title="bbox 1 4112 1219 4206; baseline -0.01 -18"><span class='ocrx_word' id='word_1_312' title='bbox 1 4203 2 4206; x_wconf 8' lang='grc' dir='ltr'><strong>Ἴ</strong></span> <span class='ocrx_word' id='word_1_313' title='bbox 84 4121 137 4187; x_wconf 82' lang='lat' dir='ltr'>vel</span> <span class='ocrx_word' id='word_1_314' title='bbox 154 4113 275 4187; x_wconf 87' lang='lat' dir='ltr'>nostris</span> <span class='ocrx_word' id='word_1_315' title='bbox 291 4119 533 4186; x_wconf 90' lang='lat' dir='ltr'>successoribus</span> <span class='ocrx_word' id='word_1_316' title='bbox 549 4120 584 4184; x_wconf 92' lang='lat' dir='ltr'>in</span> <span class='ocrx_word' id='word_1_317' title='bbox 601 4115 722 4185; x_wconf 90' lang='lat' dir='ltr'>eisdem</span> <span class='ocrx_word' id='word_1_318' title='bbox 738 4121 965 4196; x_wconf 79' lang='lat' dir='ltr'>reseruantes3</span> <span class='ocrx_word' id='word_1_319' title='bbox 988 4114 1129 4198; x_wconf 85' lang='lat' dir='ltr'>exceptis</span> <span class='ocrx_word' id='word_1_320' title='bbox 1139 4112 1219 4177; x_wconf 88' lang='lat' dir='ltr'>dun·</span> 
     </span>
    </p>
   </div>
   <div class='ocr_carea' id='block_1_13' title="bbox 84 4220 1219 4312">
    <p class='ocr_par' dir='ltr' id='par_1_13' title="bbox 84 4220 1219 4312">
     <span class='ocr_line' id='line_1_42' title="bbox 84 4220 1219 4312; baseline -0.011 -16"><span class='ocrx_word' id='word_1_321' title='bbox 84 4233 185 4296; x_wconf 84' lang='lat' dir='ltr'>taxat</span> <span class='ocrx_word' id='word_1_322' title='bbox 210 4225 323 4311; x_wconf 87' lang='lat' dir='ltr'>vynejs</span> <span class='ocrx_word' id='word_1_323' title='bbox 348 4248 404 4292; x_wconf 89' lang='lat' dir='ltr'>seu</span> <span class='ocrx_word' id='word_1_324' title='bbox 429 4224 560 4291; x_wconf 89' lang='lat' dir='ltr'>cultura</span> <span class='ocrx_word' id='word_1_325' title='bbox 575 4247 759 4312; x_wconf 87' lang='lat' dir='ltr'>vynearum,</span> <span class='ocrx_word' id='word_1_326' title='bbox 784 4243 866 4309; x_wconf 90' lang='lat' dir='ltr'>quas</span> <span class='ocrx_word' id='word_1_327' title='bbox 881 4224 1026 4307; x_wconf 90' lang='lat' dir='ltr'>ipsarum</span> <span class='ocrx_word' id='word_1_328' title='bbox 1041 4220 1219 4286; x_wconf 86' lang='lat' dir='ltr'>cultoribus</span> 
     </span>
    </p>
   </div>
   <div class='ocr_carea' id='block_1_14' title="bbox 1 4311 1219 4421">
    <p class='ocr_par' dir='ltr' id='par_1_14' title="bbox 1 4311 1219 4421">
     <span class='ocr_line' id='line_1_43' title="bbox 1 4311 1219 4421; baseline -0.01 -18"><span class='ocrx_word' id='word_1_329' title='bbox 1 4311 3 4396; x_wconf 62' lang='lat' dir='ltr'>l</span> <span class='ocrx_word' id='word_1_330' title='bbox 85 4343 120 4403; x_wconf 86' lang='lat' dir='ltr'>et</span> <span class='ocrx_word' id='word_1_331' title='bbox 147 4332 391 4421; x_wconf 86' lang='lat' dir='ltr'>possessoribus</span> <span class='ocrx_word' id='word_1_332' title='bbox 416 4332 598 4418; x_wconf 85' lang='lat' dir='ltr'>vbicunqne</span> <span class='ocrx_word' id='word_1_333' title='bbox 614 4334 646 4400; x_wconf 91' lang='lat' dir='ltr'>in</span> <span class='ocrx_word' id='word_1_334' title='bbox 662 4335 771 4415; x_wconf 88' lang='lat' dir='ltr'>terris,</span> <span class='ocrx_word' id='word_1_335' title='bbox 795 4332 877 4398; x_wconf 87' lang='lat' dir='ltr'>locis</span> <span class='ocrx_word' id='word_1_336' title='bbox 893 4331 962 4397; x_wconf 90' lang='lat' dir='ltr'>siue</span> <span class='ocrx_word' id='word_1_337' title='bbox 979 4327 1130 4413; x_wconf 87' lang='lat' dir='ltr'>dominijs</span> <span class='ocrx_word' id='word_1_338' title='bbox 1145 4347 1219 4392; x_wconf 87' lang='lat' dir='ltr'>nos-</span> 
     </span>
    </p>
   </div>
   <div class='ocr_carea' id='block_1_15' title="bbox 86 4439 1221 4530">
    <p class='ocr_par' dir='ltr' id='par_1_15' title="bbox 86 4439 1221 4530">
     <span class='ocr_line' id='line_1_44' title="bbox 86 4439 1221 4530; baseline -0.013 -16"><span class='ocrx_word' id='word_1_339' title='bbox 86 4447 150 4520; x_wconf 83' lang='lat' dir='ltr'>tris</span> <span class='ocrx_word' id='word_1_340' title='bbox 175 4449 425 4530; x_wconf 87' lang='lat' dir='ltr'>commorentur,</span> <span class='ocrx_word' id='word_1_341' title='bbox 468 4442 527 4508; x_wconf 89' lang='lat' dir='ltr'>sub</span> <span class='ocrx_word' id='word_1_342' title='bbox 554 4444 687 4530; x_wconf 91' lang='lat' dir='ltr'>antiquo</span> <span class='ocrx_word' id='word_1_343' title='bbox 715 4449 748 4509; x_wconf 90' lang='lat' dir='ltr'>et</span> <span class='ocrx_word' id='word_1_344' title='bbox 779 4445 932 4510; x_wconf 86' lang='lat' dir='ltr'>consueto</span> <span class='ocrx_word' id='word_1_345' title='bbox 959 4460 1054 4504; x_wconf 87' lang='lat' dir='ltr'>censu</span> <span class='ocrx_word' id='word_1_346' title='bbox 1081 4439 1114 4504; x_wconf 89' lang='lat' dir='ltr'>et</span> <span class='ocrx_word' id='word_1_347' title='bbox 1145 4456 1221 4530; x_wconf 84' lang='lat' dir='ltr'>pen-</span> 
     </span>
    </p>
   </div>
   <div class='ocr_carea' id='block_1_16' title="bbox 0 0 1636 5240">
    <p class='ocr_par' dir='ltr' id='par_1_16' title="bbox 0 0 1636 5240">
     <span class='ocr_line' id='line_1_45' title="bbox 0 0 1636 5240; baseline 0 0"><span class='ocrx_word' id='word_1_348' title='bbox 0 0 1636 5240; x_wconf 95' lang='lat' dir='ltr'> </span> 
     </span>
    </p>
   </div>
  </div>
 </body>
</html>
