3244 5236
621 385 715 450 1340.
1158 379 1222 449 389

3 633 10 640 Ι
93 555 233 642 quilibet
256 564 316 642 p'ro
340 583 383 640 se,
409 565 443 626 et
458 561 554 646 quale
570 563 670 628 etiam
687 583 874 630 succursum
891 581 911 625 a
926 561 1020 627 nobis
1037 559 1165 640 vellent,
1191 567 1225 628 et

93 663 126 729 iu
152 672 255 748 quota
280 670 466 751 quantitate
483 672 629 754 equitum
644 677 677 736 et
690 670 834 755 peditum
849 669 1094 754 particulariter
1109 675 1142 734 et
1158 669 1222 734 dis-

2 785 3 792 ’
90 773 203 838 tincto.
235 771 282 838 Et
307 777 335 839 si
360 795 453 841 cesus
479 784 675 861 occurreret,
699 777 785 860 quod
801 776 906 843 dictus
923 775 1040 842 Comes
1055 775 1225 860 Neliptius

2 917 9 964 ς
92 879 200 944 solum
216 902 288 946 eum
304 879 393 948 dicto
405 881 534 950 Oomite
546 885 728 951 Budislauo
739 888 772 950 et
781 883 937 951 fratribus
948 903 982 948 se
994 885 1108 964 uniret,
1125 904 1223 965 quern

2 973 7 1032 3
91 985 224 1052 modum
240 989 340 1053 etiam
355 995 504 1056 tenerent
521 993 554 1055 in
568 990 748 1058 resistendo
765 990 921 1056 aduentui
932 989 1038 1072 Regio
1049 988 1215 1073 prelibato

2 1117 3 1174 ξ
90 1100 123 1158 et
139 1093 220 1177 quid
236 1095 355 1161 vellent
370 1097 432 1180 ipsi
448 1117 568 1181 ponere
583 1105 679 1182 parte
695 1119 763 1182 sua,
780 1106 813 1163 et
830 1098 910 1181 quid
924 1103 1019 1182 parte
1036 1103 1157 1164 nostra.
1175 1097 1223 1163 Et

90 1201 118 1265 si
146 1206 352 1288 contingeret
376 1205 481 1272 solum
506 1207 611 1273 dictos
628 1206 771 1276 Comites
786 1205 1024 1273 Budisclauum
1050 1213 1084 1273 et
1099 1205 1223 1282 fratres,

89 1311 244 1376 videlicet
260 1311 400 1379 Paulum
416 1323 448 1380 et
463 1313 671 1401 Gregorium,
687 1317 855 1384 nobiscum
872 1337 941 1381 esse
956 1321 1072 1379 contra
1087 1313 1222 1398 Regem,
1251 1299 1253 1302 ⁵

2 1411 3 1450 ³
90 1417 170 1499 quid
187 1417 333 1486 facerent
346 1422 388 1486 ad
405 1423 652 1507 procurandum,
668 1425 755 1509 quod
765 1423 840 1490 Rex
856 1445 919 1489 non
929 1423 1064 1501 reniret,
1080 1427 1113 1484 et
1124 1439 1224 1502 quem

89 1525 223 1592 modum
239 1529 337 1593 etiam
352 1535 510 1614 tenerent,
533 1539 566 1596 et
582 1532 660 1616 quid
677 1533 800 1597 vellent
815 1551 936 1615 ponere
953 1529 993 1594 de
1010 1549 1077 1609 suo,
1093 1533 1126 1600 et
1142 1528 1221 1610 quid

89 1633 222 1716 vellent,
245 1655 304 1700 nos
329 1656 448 1720 ponere
466 1637 506 1703 de
521 1647 642 1704 nostro.
674 1636 802 1722 Quibus
819 1637 968 1704 omnibus
985 1638 1031 1700 sio
1047 1633 1221 1718 diligenter

89 1742 182 1807 scitis
209 1749 242 1808 et
265 1745 432 1828 inquisitis
458 1745 501 1812 ab
526 1749 606 1830 ipsis
623 1744 807 1812 Comitibus
833 1753 866 1810 et
892 1764 1021 1830 quoquo
1038 1764 1160 1824 eorum,
1185 1747 1221 1816 st

2 1919 3 1924 γ
89 1849 329 1934 supradictum
346 1858 404 1932 est,
420 1873 459 1918 ea
474 1853 569 1919 nobis
584 1855 737 1918 velociter
753 1877 811 1937 per
827 1874 901 1918 suas
918 1854 1049 1917 litteras
1066 1850 1220 1917 studeant

2 1963 3 2008 ἶ
89 1956 260 2040 denotare,
276 1957 315 2023 et'
325 1980 418 2024 suurn
434 1961 532 2041 clare,
549 1960 731 2044 specificate
749 1967 782 2026 et
798 1965 910 2044 aperte
929 1964 961 2023 et
973 1979 1036 2042 per
1046 1955 1221 2056 singulum,

2 2045 3 2056 ἵ
89 2057 264 2130 consilium
290 2067 472 2150 superinde.
505 2066 561 2132 Ad
577 2066 659 2132 illud
674 2089 762 2151 vero,
788 2067 876 2149 quod
892 2067 1092 2148 seripserunt
1109 2083 1219 2128 secun·

2 2215 3 2218 =
89 2171 170 2252 dum
188 2194 282 2238 suum
297 2176 468 2241 consilium
484 2176 524 2241 de
540 2175 642 2259 galeis
658 2175 736 2241 illuc
752 2173 1009 2242 transmittendis
1025 2193 1084 2256 pro
1096 2169 1222 2238 eonfor-

88 2283 217 2346 tatione
235 2289 268 2347 et
286 2283 399 2349 tutella
416 2288 578 2350 terrarum
594 2290 791 2364 nostrarum,
820 2283 1042 2348 ordinauimus
1060 2302 1132 2345 cum
1149 2301 1221 2344 nos·

2 2415 4 2446 r
88 2388 151 2453 tris
163 2385 322 2456 Consiliis
337 2391 517 2475 prelibatis,
532 2397 564 2456 et
580 2393 627 2457 sic
642 2394 689 2456 eis
706 2393 862 2476 seriptum
879 2389 941 2455 fuit
950 2392 1146 2455 auctoritate
1156 2388 1221 2454 dio·

2 2505 3 2510 ’
87 2501 202 2561 torum
219 2493 447 2580 Consiliorum,
472 2498 561 2581 quod
586 2500 613 2563 si
638 2499 806 2580 haberent,
835 2498 922 2581 quod
938 2499 1011 2563 Rex
1026 2498 1221 2578 recessisset,

87 2602 139 2667 vel
156 2605 193 2668 in
206 2602 297 2669 brevi
314 2611 398 2670 esset
413 2610 576 2688 venturus,
601 2612 733 2688 possent
749 2627 880 2672 rearere
897 2611 1059 2671 armatam
1075 2611 1222 2669 nostram

14 2711 17 2716 ’
87 2709 132 2776 ad
149 2709 239 2777 culfi
255 2711 436 2777 custodiam
451 2712 639 2796 deputatam
655 2715 689 2777 in
705 2719 776 2779 toto
793 2720 826 2778 et
842 2721 946 2798 parte,
971 2716 1056 2778 sicut
1072 2714 1119 2778 eis
1135 2712 1221 2778 vide·

88 2825 201 2900 retur3
218 2821 309 2885 cuius
325 2826 375 2886 est
391 2820 588 2905 Capitoneus
605 2822 654 2886 vir
669 2821 787 2887 nobilis
803 2821 924 2886 Petrus
940 2821 1151 2898 Maurooeno‚
1169 2820 1221 2904 cui

88 2928 338 3010 commissimus,
354 2927 443 3012 quod
458 2927 591 2994 deberet
602 2950 636 2992 se
646 2948 718 2994 cum
729 2929 818 2994 dicta
828 2935 956 2994 armata
966 2929 1013 2992 eis
1023 2933 1222 3009 presentare

88 3042 122 3101 et
137 3033 259 3113 facere,
276 3036 358 3100 sicut
374 3036 403 3100 ei
419 3057 478 3119 per
493 3038 581 3118 ipsos
598 3043 683 3100 esset
693 3033 889 3101 ordinatum.
905 3035 950 3100 Et
961 3033 1110 3100 similiter
1121 3036 1222 3116 script

87 3148 160 3208 tum
186 3141 254 3208 fuit
275 3143 377 3210 nobili
408 3145 477 3209 viro
502 3143 636 3209 Andree
661 3141 822 3209 Ceruario
849 3141 1029 3227 Capitaneo
1057 3136 1222 3222 Generali,

89 3249 182 3334 quod
199 3253 419 3318 committeret
435 3252 500 3317 illis
517 3258 659 3336 quatuor
676 3253 778 3336 galeis
795 3249 1013 3318 Veneciarum
1029 3248 1220 3331 reddituris,
1240 3243 1245 3250 ’

88 3359 182 3442 quod
200 3357 359 3424 deberent
375 3381 409 3424 se
426 3361 473 3424 eis
488 3366 687 3442 presentare,
714 3365 746 3423 et
761 3363 795 3423 in
811 3365 916 3426 totum
934 3363 966 3423 et
981 3379 1038 3442 per
1055 3365 1161 3437 totum
1176 3356 1192 3423 f
1211 3399 1222 3412 -

2 3501 3 3522 2
87 3487 173 3549 cero,
190 3468 274 3531 siout
289 3467 411 3533 dietum
428 3472 478 3531 est
487 3488 593 3551 supra.
611 3467 714 3533 Modo
726 3468 895 3548 nescimus
912 3469 939 3532 si
951 3487 1006 3532 eas
1018 3467 1067 3531 rel
1079 3466 1225 3549 aliquam

87 3596 206 3670 earum
230 3577 435 3659 retinuerint,
467 3575 525 3640 sed
550 3597 610 3659 per
634 3597 728 3656 nora,
760 3597 823 3659 que
849 3576 996 3641 scribunt
1023 3575 1062 3641 de
1079 3575 1224 3641 aduentu

2 3671 3 3676 ἵ
87 3660 206 3768 Regis,
232 3704 296 3764 que
313 3684 477 3766 quiescere
494 3682 633 3764 videtur,
649 3691 682 3748 et
697 3704 755 3768 per
773 3706 811 3749 ea
826 3686 935 3767 etiam,
951 3705 1015 3766 que
1031 3682 1187 3748 habemus
1204 3703 1225 3747 a

88 3791 289 3876 quibusdam
315 3791 356 3855 de
372 3791 448 3856 hinc
463 3793 498 3855 in
514 3789 697 3876 Virgariam
714 3792 913 3857 transmissis
929 3811 989 3874 pro
1005 3792 1100 3856 nouis
1117 3789 1224 3874 explo-

86 3899 206 3965 randis
217 3898 257 3965 de
268 3899 411 3964 aduentu
421 3898 530 3982 Regio
547 3899 722 3982 prelibat0,
738 3922 803 3965 non
819 3898 986 3982 habemus
1002 3898 1088 3982 quod
1106 3899 1222 3964 adven-

86 4013 141 4073 tus
160 4005 232 4072 siue
248 4027 393 4072 recessus
409 4005 533 4088 Regius
550 4009 594 4071 sit
609 4013 676 4072 tam
695 4007 820 4073 subitus
837 4013 869 4071 et
884 4006 986 4086 velox,
1013 4004 1099 4088 quod
1116 4008 1143 4070 si
1159 4025 1224 4069 non

85 4115 289 4181 retinuerint
315 4111 419 4178 dictas
445 4114 558 4196 galeas
584 4115 633 4179 vel
660 4135 772 4179 earum
798 4115 952 4198 aliquam,
978 4115 1064 4180 dicte
1083 4119 1224 4195 quatuor

85 4223 185 4307 galee
196 4219 356 4290 Venecias
366 4204 515 4314 remeare
532 4222 696 4302 debentes,
712 4243 776 4287 non
794 4224 874 4290 bene
890 4223 932 4287 ad
949 4243 1005 4288 eos
1020 4227 1155 4305 possunt
1170 4241 1223 4286 re·

86 4332 188 4420 nisse,
209 4329 249 4395 de
267 4330 386 4412 quibus
400 4335 479 4396 tuno
496 4295 650 4414 doteruut
667 4329 828 4412 ordinare,
856 4336 955 4415 prout
970 4333 1016 4394 eis
1032 4327 1175 4424 placebit
1190 4334 1224 4393 et

82 4437 253 4532 ¹ridebitur
279 4459 338 4522 pro
364 4437 487 4504 honore
513 4443 625 4504 nostro
652 4445 684 4503 et
700 4437 785 4503 bono
802 4447 835 4504 et
850 4438 954 4505 tutela
969 4444 1131 4503 terrarum
1148 4458 1221 4503 nos·

85 4552 218 4613 irarum
228 4548 459 4644 predictarum.
475 4544 716 4614 Nichilominus
732 4547 760 4634 si
775 4547 859 4636 talia
873 4545 1041 4628 habereut,
1059 4567 1121 4631 que
1137 4546 1224 4619 subi·
