3244 5236
336 315 399 376 358
698 327 933 374 urruoxacznu
951 311 1119 370 excausa.

333 499 424 558 trum
440 498 472 554 et
487 489 610 555 iratres
628 489 763 556 Ordinis
779 488 966 572 Hospitalis
982 486 1085 552 Beate
1100 486 1208 552 blarie
1223 485 1349 551 Domus
1360 484 1469 550 Theu-

339 599 522 666 tonicorum
533 597 719 666 Jerusalem
736 618 833 682 super
850 605 941 662 terra
952 593 1129 676 Culmensi,
1147 603 1179 660 et
1190 595 1309 660 Castro
1322 593 1472 681 Nessosv,

339 713 372 772 et
388 706 497 772 Curiis
514 705 625 774 Orlow
650 711 684 772 et
699 703 811 770 Murin
829 725 886 770 seu
901 703 1106 784 Pomerania‚
1132 711 1190 770 aut
1205 701 1472 786 Micbalouiensi,

338 815 520 898 ceterisque
536 812 631 879 bonis
647 834 706 896 per
722 812 887 898 predictos
902 811 1024 878 iratres
1039 811 1162 878 habitis
1178 813 1262 876 iuste
1277 819 1311 876 et
1327 812 1475 877 rationa-

338 924 451 990 biliter
466 925 626 1007 possessis
643 929 719 988 ante
736 929 859 987 motam
879 942 1048 1006 guerram,
1064 921 1274 987 etIllustrem
1281 919 1475 1004 Principem

340 1029 511 1097 recolende
536 1031 688 1096 memorie
704 1030 871 1096 dominum
886 1029 1107 1099 wladislaum
1123 1027 1248 1113 Regem
1265 1027 1413 1110 Polonie,
1436 1039 1475 1095 et

339 1138 542 1204 venerabiles
568 1140 656 1203 viros
671 1138 871 1220 Magistrum
889 1135 1085 1203 Generalem
1111 1147 1144 1202 et
1160 1136 1290 1204 ‚iratres
1305 1137 1475 1220 predictos

340 1245 436 1313 nobis
453 1245 523 1328 ipso
539 1245 668 1311 uiuente
684 1244 769 1310 sorte
785 1245 969 1329 impeteret,
985 1265 1038 1310 seu
1055 1246 1216 1310 actionem
1233 1252 1348 1309 contra
1364 1265 1420 1309 eos
1436 1244 1473 1308 in

342 1352 518 1438 Spirituali
534 1352 670 1420 Judicio
687 1374 743 1420 seu
759 1352 906 1433 seculari,
922 1375 979 1418 seu
995 1372 1054 1436 per
1070 1351 1153 1417 alias
1169 1353 1239 1418 vias
1257 1372 1474 1436 quascunque

340 1461 550 1542 instauraret,
575 1463 626 1528 vel
650 1462 738 1528 sorte
764 1482 820 1527 eos
846 1463 1018 1528 occasione
1043 1461 1205 1528 dictarum
1230 1468 1396 1526 terrarum
1412 1481 1475 1544 per

340 1569 541 1654 violenciam,
558 1572 810 1654 oppressionem,
820 1571 1004 1654 potenciam
1016 1570 1232 1654 opprimeret:
1248 1569 1474 1652 promittimus

339 1699 399 1760 pro
425 1678 521 1744 nobis
545 1685 579 1743 et
602 1678 750 1744 omnibus
775 1679 895 1744 nostris
919 1677 1031 1744 amicis
1056 1678 1090 1743 et
1113 1675 1274 1759 fidelibus,
1299 1677 1388 1759 quod
1412 1699 1474 1742 uos

341 1785 526 1850 huiusmodi
540 1786 775 1869 impeticiones,
791 1787 948 1869 acciones,
964 1785 1474 1852 seuaccionuminstauraciones

341 1901 374 1958 et
389 1891 548 1958 violentas
564 1894 712 1976 potencie
728 1894 952 1977 oppressiones
968 1894 1098 1977 penitus
1116 1894 1230 1958 sedare
1240 1892 1475 1976 etdisbrigare

341 2001 497 2067 debemus
512 2001 601 2067 bona
617 1999 690 2082 fide,
705 1999 821 2065 fraude
838 2009 871 2066 et
887 2001 962 2067 dolo
979 2003 1120 2066 omnimo
1130 2001 1263 2067 remotis
1273 2002 1308 2065 in
1318 2000 1472 2068 omnibus

340 2108 551 2192 supradictis.
576 2107 618 2172 In
636 2126 774 2190 quorum
791 2109 851 2174 stb.

446 2213 517 2281 Nos
533 2213 725 2280 Kazimirus
734 2214 799 2280 Dei
815 2217 930 2299 gracia
938 2215 1013 2284 Rex
1022 2217 1162 2284 Polonie
1178 2217 1222 2282 ad
1238 2215 1471 2299 extirpandum

340 2345 468 2389 omnem
482 2324 664 2407 materiam,
696 2344 759 2406 que
775 2325 998 2392 contencionis
1016 2346 1072 2391 seu
1087 2324 1178 2391 dubii
1195 2343 1367 2390 rancorem
1384 2325 1472 2389 inter

338 2431 571 2498 Reuerendum
582 2431 748 2496 dominum
758 2430 956 2515 Magistrum
967 2431 1165 2498 (ieneralem
1182 2439 1215 2498 et
1230 2430 1350 2496 iratres
1367 2431 1471 2514 ipsius

338 2561 378 2604 ex
394 2561 458 2606 rua
473 2545 577 2622 parte,
602 2545 635 2603 et
650 2559 710 2604 nos
725 2545 919 2622 nostrosque
935 2558 1137 2605 successores
1154 2561 1193 2605 ex
1209 2538 1314 2604 altera
1329 2535 1470 2604 forsitan

338 2654 426 2714 esset
450 2647 486 2710 in
510 2651 678 2729 posterum
703 2648 861 2729 paritura,
885 2649 1046 2732 presentis
1070 2647 1185 2731 scripti
1196 2647 1395 2726 testimonie,
1426 2670 1467 2712 ex

339 2759 431 2820 certa
447 2752 588 2819 sciencia
603 2754 834 2837 promittimus,
859 2776 969 2822 errore
989 2756 1105 2821 mentis
1122 2755 1233 2838 aliquo
1249 2776 1315 2819 uon
1332 2753 1467 2837 seducti,

338 2885 358 2928 a
374 2861 590 2929 Serenissimo
605 2861 762 2944 Principe
788 2863 919 2929 ‹lorniuo
935 2863 1065 2940 Karolo
1081 2863 1174 2946 Rege
1191 2861 1340 2946 Vugarie
1355 2869 1470 2929 nostro

338 2971 474 3052 sororia,
490 2993 529 3038 ac
545 2995 565 3037 a
579 2991 741 3054 generosa
753 2971 885 3036 domina
896 2971 1078 3038 conthorali
1087 2973 1190 3061 ipsius
1201 2971 1342 3054 Regina,
1358 2994 1471 3038 sorore

337 3086 453 3144 nostra
469 3077 656 3160 karissima,
673 3077 760 3144 dicto
774 3079 967 3145 Reuerendo
985 3078 1116 3145 domino
1133 3078 1296 3162 Magistro
1313 3073 1470 3144 Generali

336 3192 370 3250 et
394 3183 554 3250 iratribus
579 3187 683 3269 ipsius
709 3185 812 3252 bonas
839 3194 989 3270 patentes
1006 3185 1136 3252 litteras
1153 3188 1320 3270 optinere;
1345 3187 1468 3267 quibus

338 3291 416 3358 dicti
432 3291 538 3357 incliti
554 3293 704 3360 dominus
713 3291 787 3359 Rex
803 3299 835 3359 et
845 3291 977 3379 Regina
987 3293 1144 3379 Vngarie,
1159 3303 1228 3360 tam
1245 3315 1305 3378 pro
1322 3315 1356 3358 se
1367 3314 1469 3376 quam

336 3422 396 3484 pro
411 3400 589 3466 heredibus
604 3402 770 3485 utriusque
786 3423 879 3468 sexus
897 3410 930 3468 et
945 3404 1184 3469 successoribus
1201 3404 1276 3486 suis
1302 3399 1420 3467 fraude
1438 3412 1470 3468 et

338 3505 413 3573 dolo
429 3505 576 3592 exclusis,
592 3510 784 3574 renunciare
802 3508 921 3576 debent
947 3529 1099 3595 expresse
1114 3509 1323 3595 impeticioni,
1348 3510 1468 3592 repeti·

342 3615 436 3696 cioni,
461 3617 596 3698 accioni,
621 3619 813 3702 exceptioni,
837 3619 989 3701 omnique
1015 3619 1080 3684 iuri
1105 3639 1162 3684 seu
1177 3618 1312 3696 iuribus,
1340 3617 1367 3684 si
1383 3617 1469 3699 ipsis

336 3730 520 3807 competere
535 3733 689 3807 poterunt
705 3731 934 3807 postmortem
950 3733 1095 3790 nostram
1107 3746 1205 3810 super
1215 3727 1323 3809 terris,
1340 3725 1471 3789 territo·

334 3831 392 3896 riis
418 3852 473 3896 seu
497 3829 701 3896 districtibus
718 3831 896 3911 (immensi,
920 3831 1126 3918 Pomerania,
1151 3831 1284 3900 Nessow
1309 3843 1342 3900 et
1358 3831 1471 3898 Curiis

335 3938 455 4019 Orlow,
480 3936 610 4023 Muryn,
636 3946 668 4003 et
692 3938 767 4004 aliis
786 3941 1041 4022 possessionibus
1066 3949 1144 4007 ante
1169 3949 1291 4008 motam
1308 3963 1470 4026 guerram

333 4066 392 4129 per
407 4044 573 4130 predictos
590 4043 786 4130 Magistrum
804 4055 836 4113 et
852 4049 972 4116 iratres
988 4049 1073 4115 iuste
1091 4049 1214 4116 habitis
1239 4057 1272 4115 et
1297 4052 1468 4133 possessis

336 4153 378 4218 In
394 4173 533 4235 quorum
550 4157 611 4221 stb.

443 4262 515 4328 Nos
530 4261 678 4331 Karolus
695 4265 759 4331 Dei
775 4269 889 4351 gracia
899 4265 1136 4352 Reangarie,
1152 4275 1184 4332 et
1200 4265 1373 4332 Elisabeth
1383 4267 1467 4332 eius-

337 4371 410 4436 dem
424 4369 532 4455 Regni
548 4371 681 4456 Regiua
706 4375 905 4440 conthoralis
930 4377 1032 4460 ipsius
1047 4375 1218 4460 legittima,
1243 4375 1286 4439 ad
1301 4373 1470 4438 uniuerso·

339 4500 449 4548 sorum
475 4481 696 4568 cogniciouem
716 4483 903 4550 deducimus
921 4505 960 4550 ac
976 4484 1104 4568 publice
1121 4488 1350 4568 protestamur,
1378 4483 1468 4564 quod
