3170 5234
593 349 687 414 lario.
1124 351 1186 413 rer
1241 329 1248 336 ’

69 528 166 593 libras
174 529 233 594 duo
245 528 378 607 mille,et
387 521 446 591 filii
458 522 1073 607 quondumComitisJohannis,nepotes
1084 527 1187 608 ipsius

70 635 224 716 quondam
234 634 372 703 Comitis
382 631 558 715 Leonardi,
577 634 665 715 ipsos
685 633 835 696 denarios
846 631 949 695 eidem
961 631 1106 696 Zenevre
1123 653 1188 696 non

18 755 22 762 '
69 743 217 826 dederint,
239 751 272 808 et
298 764 359 808 nos
384 743 417 808 id
441 741 597 806 habentes
623 747 782 822 quantum
797 761 967 824 possumus
985 746 1018 804 et
1033 739 1186 806 debemus

70 851 109 914 ad
135 872 237 933 grave,
262 859 295 918 et
311 850 458 934 graviter
483 849 667 931 perturbati
685 849 804 913 eisdem
821 848 989 912 scribimus
1007 853 1039 911 et
1058 847 1191 912 manda·

69 979 145 1040 mus,
168 963 325 1040 quatenus
352 957 439 1020 omni
456 976 547 1019 mora
562 956 745 1039 postposita
762 955 904 1018 debeant
921 955 1026 1022 eidem
1042 954 1187 1020 Zenerre

0 1140 1 1151 χ
69 1063 250 1129 satisfacere
284 1063 324 1128 de
349 1063 535 1128 dimissoria
559 1061 756 1144 supradicta,
782 1063 993 1142 aggravando
1021 1065 1188 1143 negocium

70 1171 150 1235 sicut
158 1171 257 1235 decet.
277 1169 350 1249 Vos,
367 1169 424 1251 qui
440 1167 583 1232 eiusdem
599 1167 760 1249 quondam
773 1165 910 1233 Comitis
926 1169 1093 1234 Leouardi
1105 1189 1190 1233 com.

70 1277 230 1342 missarius
244 1279 323 1342 estis
340 1297 410 1342 cum
422 1275 490 1340 filio
500 1281 617 1354 vestro,
627 1297 797 1357 precamur
808 1280 942 1356 attente,
953 1276 1043 1342 vobis
1059 1297 1117 1358 per
1133 1296 1190 1339 nos

71 1390 102 1449 et
125 1391 266 1450 nostrum
283 1383 462 1450 Consilium
478 1385 628 1448 districte
645 1384 841 1465 precipimus
858 1384 1060 1458 mandantes,
1078 1390 1190 1464 quate·

72 1511 128 1553 nus
154 1490 181 1554 si
204 1489 268 1572 ipsi
295 1490 399 1553 eidem
425 1488 527 1554 nobili
545 1509 607 1551 non
625 1487 852 1566 satisfecerint,
869 1494 971 1554 otest
987 1488 1118 1570 dictum,
1134 1511 1191 1554 vos

69 1595 207 1661 debeatis
217 1617 277 1680 per
288 1618 415 1662 omnem
430 1595 570 1674 modum,
581 1595 668 1678 quod
684 1597 712 1659 ei
728 1596 855 1677 integre
872 1596 1021 1682 satisfiat,
1038 1597 1085 1661 ita
1101 1595 1187 1679 quod

68 1701 156 1768 nulla
180 1704 283 1768 eidem
303 1710 472 1768 remaneat
489 1703 629 1766 materia
645 1703 872 1783 conquerendi.
889 1699 1015 1768 Datum
1030 1704 1064 1767 in
1080 1711 1192 1770 nostro

69 1809 183 1875 Ducali
197 1811 326 1894 palacio
337 1809 549 1880 Venetiarum
565 1831 650 1875 anno
667 1810 708 1875 ab
719 1810 953 1875 Incarnatione
971 1810 1103 1876 Domini
1120 1833 1192 1878 nos-

70 1918 109 1980 tri
136 1917 216 1983 Jesu
245 1918 373 1983 Christi
401 1918 574 1984 millesimo
603 1918 830 1983 trecentesimo
851 1918 984 2002 decimo,
1014 1921 1192 1986 indictione

71 2028 191 2104 octava,
206 2026 258 2089 die
275 2047 352 2092 vero
368 2025 484 2089 ultimo
501 2025 621 2090 mensis
637 2023 775 2107 Aprilis

175 2128 330 2213 Sequiter
354 2132 421 2197 alia
447 2131 556 2196 littera
567 2130 681 2196 iisdem
697 2126 805 2196 verbis
822 2137 954 2197 extensa
970 2139 1004 2198 et
1018 2133 1192 2216 inscripta:

1 2316 3 2321 ³
71 2237 187 2302 Comiti
203 2238 380 2304 Frederico
397 2237 465 2304 filio
482 2237 621 2303 Comitis
637 2236 768 2322 Duymi.

442 2431 799 2520 ComitiDuym'o.

176 2571 255 2642 Cum
284 2575 468 2645 Comitibus
487 2580 603 2646 Marco
620 2577 806 2644 Schlimelle
823 2587 854 2645 et
870 2577 1009 2647 Nicolao
1026 2582 1068 2647 de
1084 2581 1193 2667 Vegla

1 2763 3 2766 Ι
73 2704 127 2766 per
152 2692 283 2750 nostras
307 2685 438 2751 litteras
454 2686 663 2770 precipiendo
680 2689 880 2769 mandemus,
896 2691 982 2772 quod
999 2689 1090 2774 illud,
1106 2690 1195 2774 quod

76 2791 150 2856 dare
177 2792 296 2857 debent
320 2792 422 2857 nobili
437 2795 566 2858 mulieri
583 2792 682 2858 Simie
698 2796 935 2878 consanguinee
952 2817 1008 2860 sue
1025 2819 1063 2861 ac
1079 2805 1196 2880 vestre,

75 2905 105 2962 et
128 2900 218 2982 nepti
259 2905 379 2980 nostre,
404 2899 467 2964 sibi
482 2899 622 2965 debeant
638 2901 820 2967 destinare:
837 2903 1041 2968 nobilitatem
1056 2911 1195 2970 vestram

21 3011 24 3019 '
75 3025 234 3087 rogamus,
254 3029 313 3089 per
338 3027 397 3071 nos
423 3013 456 3070 et
480 3014 626 3072 nostrum
638 3006 819 3073 Consilium
838 3011 1046 3092 precipiendo
1063 3011 1195 3076 manda·

73 3133 149 3192 mos,
176 3120 335 3196 quatenus
361 3113 506 3181 debeatis
531 3113 639 3180 facere
656 3135 714 3199 per
731 3136 857 3180 omnem
874 3118 1013 3201 modum,
1030 3119 1116 3200 quod
1133 3120 1195 3202 ipsi

76 3220 103 3283 ei
131 3220 297 3284 destinent
327 3219 369 3300 id,
398 3220 486 3302 quod
512 3221 631 3286 debent
656 3223 688 3285 in
716 3224 842 3287 ratione
868 3223 934 3287 eius
959 3225 993 3287 in
1020 3227 1196 3292 interclusa

75 3323 188 3390 cedula
212 3327 406 3391 continetur.
433 3325 558 3392 Datum
582 3329 616 3392 in
632 3335 744 3392 nostro
760 3329 880 3395 Ducali
896 3331 1026 3411 palacio
1043 3329 1197 3400 Venetia»

77 3453 144 3496 rum
171 3453 255 3496 anno
281 3433 323 3497 ab
339 3433 572 3498 Incarnatione
581 3433 717 3499 Domini
732 3437 838 3499 nostri
853 3435 879 3500 J
880 3456 936 3500 esu
954 3434 1077 3502 Christi
1095 3438 1196 3503 mille·

75 3538 150 3604 simo
176 3540 405 3604 trecentesimo
432 3541 564 3621 decimo,
586 3541 766 3609 indictione
783 3548 908 3622 octava,
924 3542 978 3607 die
993 3563 1068 3608 vero
1084 3543 1197 3608 ultimo

4 3719 5 3722 Ἴ
75 3643 209 3726 Aprilis.

4 3857 5 3864 ἵ
178 3791 214 3852 (Α
240 3791 369 3843 »Secreta
392 3791 436 3842 del
458 3791 599 3858 Collegl0«
624 3793 714 3843 czlmd
736 3794 880 3844 velenczei
903 3794 1139 3856 allomkonyvben
1151 3791 1199 3842 IV.

75 3878 130 3928 lot.
155 3884 195 3928 78.
212 3894 258 3942 sn,
272 3893 289 3929 a
302 3881 426 3932 velenzei
439 3896 512 3946 nagy
525 3882 720 3943 leveltarban.)
