3222 5240
542 389 635 452 1334.
1105 392 1167 452 325

38 561 124 628 ribus
149 571 183 630 et
208 565 359 648 pluribus
385 565 430 632 ibi
458 567 727 633 conuersantibus
753 588 850 650 super
875 567 1044 650 predictis,
1062 573 1094 630 et
1109 588 1168 651 per

35 670 117 753 ipsos
142 672 339 754 inuenerint,
364 674 451 758 quod
478 675 565 740 dicte
590 677 763 756 nouitates,
789 695 851 757 que
876 675 958 739 fiunt
975 673 1017 739 ad
1033 693 1167 758 presens

36 777 124 845 dictis
149 779 271 847 nostris
286 781 321 844 in
339 779 460 865 Segnia
475 803 535 864 per
552 783 657 848 dictos
675 779 821 848 Comites
839 787 873 846 et
890 779 1069 848 Commune
1088 781 1166 866 Seg-

35 889 89 967 nie,
115 894 194 954 sunt
217 895 333 956 contra
358 890 514 972 antiquas
540 889 798 970 consuetudines,
823 911 861 955 eo
880 890 978 973 quod,
994 889 1166 957 uthabue·

34 997 97 1062 rint
121 995 203 1061 dicti
230 998 393 1080 sapientes
419 1003 452 1063 et
477 1019 537 1082 per
553 999 699 1066 tabulam
715 1004 862 1064 nostram
878 1001 1030 1082 ternario,
1046 999 1109 1084 ipsi
1126 998 1165 1064 de

36 1102 152 1186 Segnia
173 1105 237 1170 huc
252 1107 417 1172 venientes
435 1127 506 1172 cum
524 1108 591 1172 suis
606 1108 703 1174 rebus
721 1115 753 1173 et
769 1107 1027 1173 mercacionibus
1044 1112 1078 1172 et
1094 1109 1165 1174 sine

34 1219 105 1277 sunt
128 1213 228 1279 liberi
254 1219 287 1278 et
302 1215 443 1298 exempti
460 1214 502 1280 ab
519 1215 668 1280 omnibus
685 1215 789 1282 daciis
806 1221 839 1281 et
855 1215 1112 1302 grauamioibus
1129 1223 1163 1281 et

35 1323 77 1387 sic
92 1323 196 1388 nostri
214 1324 313 1388 etiam
329 1343 457 1407 semper
476 1323 598 1388 fuerint
623 1323 669 1390 ibi
695 1347 753 1409 per
779 1323 885 1390 dictas
911 1326 1065 1405 antiquas
1090 1345 1164 1389 con-
1228 1330 1230 1336 ’

35 1431 226 1513 suetudines,
243 1439 276 1495 et
293 1453 362 1499 esse
379 1431 497 1498 debent
513 1430 555 1497 ab
571 1433 721 1498 omnibus
738 1431 984 1517 grauaminibus
1000 1430 1162 1524 absoluti3

33 1539 203 1606 consulunt
217 1540 357 1624 predicti
374 1541 547 1624 sapientes,
563 1547 596 1606 et
612 1542 658 1606 sio
673 1541 764 1606 vadit
788 1561 882 1625 pars:
909 1537 1005 1623 Quod
1031 1539 1074 1606 ad
1090 1561 1160 1623 pre·

33 1667 108 1730 seua,
118 1648 290 1714 lioetalias
308 1655 343 1715 vt
358 1648 540 1733 predictum
551 1669 648 1733 super
663 1649 820 1733 predictis
835 1647 923 1714 foret
939 1649 1098 1731 scriptum
1113 1649 1160 1731 ip-

33 1754 82 1834 sis,
96 1755 219 1818 iterato
236 1756 284 1819 eis
300 1753 470 1838 scribatur,
487 1755 806 1821 sicutDominationi
823 1754 996 1834 videbitur,
1012 1753 1161 1835 dicende,

32 1862 114 1946 quod
140 1862 227 1928 sicut
251 1863 366 1944 sciunt,
392 1883 519 1947 semper
544 1864 715 1929 dileximus
739 1864 966 1947 progenitores
991 1861 1159 1946 predeces-

32 1989 115 2036 sores
140 1991 217 2037 suos
242 1971 415 2038 affectione
441 1971 567 2038 sincera
582 1978 754 2056 tamquam
770 1993 863 2038 caros
879 1977 1009 2036 nostros
1026 1971 1110 2036 cives
1127 1963 1176 2036 et'

30 2077 145 2159 fideles,
172 2085 206 2144 et
229 2100 291 2163 per
314 2099 373 2144 nos
397 2101 524 2165 semper
548 2081 612 2164 ipsi
630 2087 663 2146 et
682 2081 819 2146 subiecti
835 2079 884 2146 sui
899 2099 1010 2145 omnes
1025 2071 1175 2144 fuerunt

32 2181 257 2251 fauorabiliter
279 2187 474 2270 pertractati
499 2188 532 2252 in
543 2186 692 2256 Venetiis
717 2193 751 2252 et
775 2186 864 2268 alibi,
884 2193 917 2252 et
932 2187 980 2253 sic
994 2206 1069 2252 vere
1085 2205 1158 2271 pos-

31 2295 125 2359 simus
151 2293 274 2376 dicere,
299 2294 387 2376 quod
410 2317 468 2379 per
494 2300 581 2378 ipsos
598 2316 672 2361 suos
687 2295 937 2380 predecessores
952 2293 1057 2359 nostri
1073 2294 1158 2358 cives

30 2409 60 2466 et
81 2403 208 2487 fideles,
231 2403 418 2472 habitantes
435 2411 467 2469 et
482 2411 711 2471 conversantes
726 2407 761 2470 in
777 2403 924 2489 partibus
940 2404 987 2469 eis
1003 2402 1157 2468 subiectis

30 2529 97 2575 cum
128 2515 330 2579 mercatione
362 2521 395 2579 et
420 2515 497 2598 sine,
522 2518 555 2578 et
580 2513 739 2578 habentes
765 2513 810 2579 ibi
836 2533 910 2578 suas
930 2513 1158 2598 possessiones,

28 2621 176 2686 continue
201 2627 235 2686 et
259 2621 361 2687 libere
386 2642 424 2687 ac
432 2620 658 2689 favorabiliter
672 2621 1020 2706 fueruntpertraotati.
1036 2621 1083 2686 Et
1099 2621 1156 2700 sio,

28 2733 140 2794 rtrere
151 2729 216 2813 ipsi
228 2726 372 2796 Comites
382 2751 515 2797 noscere
524 2736 665 2815 possent,
680 2751 739 2795 nos
756 2729 1001 2796 considerantes
1017 2727 1155 2794 fidelita-

1 2885 2 2890 η
27 2841 88 2900 tem
104 2859 239 2903 suorum
255 2839 475 2922 predictorum
487 2839 741 2922 progenitorum,
758 2857 896 2920 quorum
912 2836 1051 2918 vestigia
1066 2836 1155 2918 ipsos

28 2949 177 3025 putamus
204 2947 305 3028 sequi,
320 2947 408 3030 ipsos
434 2945 577 3012 Comites
603 2951 636 3010 et
660 2944 837 3011 Commune
853 2942 971 3027 Segnis
986 2946 1154 3025 tamquam

27 3071 114 3116 caros
140 3058 271 3120 nostros
295 3053 407 3120 fideles
432 3056 531 3122 etiam
551 3055 723 3138 diligimus,
742 3060 776 3119 et
794 3052 932 3136 diligere
957 3049 1153 3116 intendimus

26 3163 92 3225 tcto
118 3160 233 3248 corde,
254 3169 287 3228 ct
304 3164 505 3247 sperauimus
522 3183 649 3246 semper
665 3169 698 3228 et
714 3183 881 3246 speramus
896 3159 1017 3226 habere
1034 3157 1076 3224 ab
1093 3160 1153 3223 eis·

24 3265 101 3350 dem,
128 3268 217 3352 quod
244 3293 264 3335 a
292 3271 358 3336 suis
382 3270 537 3354 predictis
564 3270 736 3337 habuimus
752 3268 953 3353 temporibus
969 3266 1153 3348 retroactis,

24 3395 119 3457 quum
146 3398 256 3442 sumus
272 3379 363 3459 certi,
379 3400 435 3446 eos
450 3400 521 3445 esse
537 3387 683 3464 promtus
700 3379 788 3444 circa
804 3399 852 3461 ea,
867 3399 930 3461 que
947 3380 1095 3460 spectant
1111 3373 1153 3440 ad

24 3489 172 3549 nostrum
196 3483 361 3570 honorem,
388 3492 421 3552 et
446 3485 566 3553 bonum
593 3492 626 3553 et
653 3488 936 3553 conseruationem
960 3489 1148 3550 nostrorum

23 3591 67 3656 st
81 3593 130 3658 sio
145 3601 316 3677 sperantes
332 3617 400 3675 noe,
416 3601 453 3661 ut
467 3596 656 3680 predicitur,
671 3596 778 3679 pridie
794 3615 859 3659 non
874 3593 1035 3658 modicum
1051 3591 1152 3656 admi-

21 3700 81 3764 rati
110 3700 240 3783 fuimus,
265 3722 302 3768 eo
328 3704 414 3785 quod
439 3726 498 3788 per
513 3703 642 3769 litteras
658 3704 760 3770 nostri
777 3701 929 3769 Consulis
946 3706 979 3766 et
995 3704 1151 3766 mercato-

4 3805 87 3872 ''rum
116 3817 316 3890 nostrorum,
345 3812 610 3878 conuersantium
637 3813 671 3876 in
697 3809 827 3896 Segnia,
852 3809 1034 3887 habuimus,
1061 3805 1151 3887 quod

18 3935 71 3996 per
95 3917 187 4002 ipsos
213 3917 358 3986 Comites
384 3926 417 3985 et
442 3919 622 3986 Commune
649 3918 769 4004 Segnis
786 3939 891 4001 nuper
908 3915 979 3982 fieri
995 3914 1149 3980 volebant

18 4027 141 4112 aliquas
158 4028 325 4094 nouitates
341 4033 375 4094 et
389 4029 611 4112 impesitiones
627 4029 846 4106 collectorum,
860 4031 929 4091 tam
945 4022 1147 4109 superfacto

17 4141 175 4200 certarum
200 4134 432 4200 buticellarum
458 4135 535 4217 uini,
561 4135 648 4220 quotl
673 4157 732 4219 pro
750 4155 808 4200 suo
824 4155 883 4198 vsu
898 4130 1034 4198 conduci
1051 4127 1149 4196 facie-

15 4239 90 4310 baut
98 4243 165 4328 ipsi
182 4243 286 4309 nostri
302 4241 415 4309 fideles
431 4241 509 4308 illuc
525 4243 565 4308 de
582 4229 656 4308 aliis
673 4241 832 4326 partibus,
848 4262 945 4325 quam
961 4261 1058 4325 super
1074 4237 1147 4304 aliis

16 4350 110 4418 rebus
121 4351 198 4432 suis,
210 4373 310 4435 super
326 4352 444 4435 quibus
460 4358 591 4418 nostras
607 4352 737 4419 litteras
754 4351 800 4415 eis
815 4349 971 4430 misimus,
987 4353 1025 4414 ut
1040 4346 1147 4414 sciunt

18 4463 221 4543 requirentes
241 4461 339 4545 ipsos,
354 4465 392 4526 ut
407 4484 426 4526 a
444 4461 600 4545 predictis
617 4460 816 4526 novitatibus
832 4465 867 4522 et
882 4457 956 4524 aliis
972 4455 1148 4524 inserendis

16 4569 131 4635 nouus
157 4568 318 4654 predictis
343 4568 493 4636 fidelibus
520 4592 554 4635 se
579 4589 746 4635 removere
762 4567 936 4648 deberent;
960 4571 993 4630 et
1008 4565 1148 4649 putaba
