3170 5234
614 331 708 400 1314.
1158 338 1221 401 203

107 515 223 581 catores
234 512 275 579 de
285 512 446 592 Venetiis,
462 508 595 596 Apulia,
612 511 652 578 de
668 513 828 594 Marchia,
843 517 876 578 et
891 512 932 579 de
947 511 1064 596 Jadrs,
1078 512 1118 579 da
1133 511 1227 582 Arba

107 629 136 686 at
158 621 196 687 do
214 619 323 705 Vegla
338 621 485 687 homines
502 643 540 687 ac
556 621 596 687 da
612 623 744 690 aliunde
761 623 952 706 evenissent,
966 631 1000 688 et
1015 623 1226 691 nihilominus

108 728 208 796 adhuc
231 728 273 794 ob
290 729 507 797 reverentiam
522 734 665 797 vestram
682 731 790 814 parati
808 750 918 796 sumus
935 730 975 795 de
991 732 1110 797 nostris
1126 730 1226 798 omni-

0 876 1 879 =
108 838 164 903 bus
188 836 296 902 facere
323 835 544 920 plenissimam
570 838 750 920 rationem,
775 845 808 904 et
829 839 900 923 ipse
917 835 1034 904 Comes
1066 837 1227 919 Arbensis

106 967 171 1012 cum
185 944 392 1012 Arbensibus
407 947 532 1012 nostris
558 947 598 1012 de
627 948 693 1012 suis
725 947 826 1014 saciat
855 947 937 1013 illud
968 948 1063 1013 idern.
1094 946 1225 1032 Signifi-

105 1057 195 1121 castis
211 1058 344 1142 insuper
360 1054 465 1141 nobis,
481 1055 570 1139 quod
585 1061 708 1120 terram
720 1054 862 1120 Jablane
879 1055 1000 1121 eisdem
1016 1051 1222 1124 Arbensibus

104 1165 271 1232 restituere
293 1167 504 1245 deberemus3
521 1165 660 1250 adquod
681 1165 910 1244 scindebas,
928 1164 1017 1248 qnod
1033 1163 1121 1244 dicta
1137 1171 1227 1230 terra

102 1272 236 1339 dablane
246 1275 280 1339 in
290 1275 408 1358 Regno
419 1279 470 1340 est
480 1273 660 1356 Hungarie‚
670 1293 730 1338 nec
742 1272 863 1356 aliquid
874 1271 1015 1356 pertinet
1026 1271 1065 1336 de
1076 1292 1116 1336 ea
1125 1272 1168 1338 ad
1180 1273 1226 1339 in-

104 1380 201 1447 sulam
215 1379 409 1465 Arbensem,
425 1383 490 1447 imo
509 1403 529 1447 a
545 1380 632 1446 mille
644 1382 736 1446 annis
748 1381 838 1462 citra,
849 1381 900 1445 vel
916 1387 1090 1463 postquam
1106 1379 1228 1466 Segnia

103 1486 161 1552 tuit
171 1488 344 1572 edifficate,
360 1495 450 1555 terra
465 1489 489 1556 J
492 1489 611 1555 ablanc
627 1505 754 1573 semper
769 1487 832 1554 fuit
847 1489 886 1554 ds
901 1487 1064 1554 DIstrictu
1080 1493 1114 1554 et
1129 1488 1228 1554 domi·

0 1620 3 1647 ι
103 1596 154 1660 nio
177 1594 363 1682 Segniensi3
380 1597 453 1662 etsi
478 1617 536 1682 per
561 1602 784 1663 antecessores
808 1601 938 1662 nostros
957 1595 1103 1662 Comites
1121 1595 1226 1679 Vegls

102 1701 283 1770 Potestutes
318 1702 436 1788 Segnis
457 1705 576 1769 eisdem
595 1701 803 1769 Arbensibus
820 1703 934 1786 aliqua
949 1723 1071 1787 pascua
1086 1703 1227 1787 gratiose

103 1831 250 1877 concessa
274 1809 417 1892 fuerunt,
442 1813 519 1894 qnia
543 1811 604 1894 ipsi
620 1809 787 1877 Arbenses
804 1812 907 1894 ipsam
923 1815 1047 1876 terram
1063 1831 1149 1878 nunc
1165 1808 1227 1876 sibi

101 1917 282 2001 approbare
298 1918 504 1999 ridebantur,
519 1919 592 1984 ideo
610 1919 756 1985 eamdem
770 1926 894 1986 terram
910 1925 1066 2002 tanquam
1082 1924 1227 1984 nostram

104 2025 242 2092 innubis
258 2027 447 2106 retinentes,
463 2027 562 2092 etiam
579 2025 666 2093 dicta
683 2047 806 2110 pascua
822 2026 869 2092 eis
885 2024 1022 2091 ulterius
1038 2026 1227 2108 permittere

104 2132 276 2199 nollnimus
295 2133 363 2200 ullo
379 2133 485 2200 modo.
500 2132 598 2202 Vnde
615 2156 679 2198 non
697 2132 856 2199 credimus
873 2131 971 2198 alicui
987 2132 1131 2215 aliquam
1147 2134 1228 2198 iniu-

102 2242 182 2306 riam
206 2239 324 2325 facere,
349 2242 377 2306 si
392 2241 462 2307 iure
477 2248 592 2307 nostro
608 2243 730 2310 utimur·
740 2243 773 2307 in
789 2263 825 2306 re
842 2242 1020 2307 nostraEt
1035 2241 1120 2324 quod
1139 2239 1228 2306 dictu
1298 2298 1299 2302 ,

102 2361 188 2416 terra
203 2350 332 2418 illorum
350 2351 391 2418 de
408 2351 502 2418 Arba
518 2371 582 2418 non
599 2355 649 2433 sit,
665 2354 765 2419 mults
782 2352 984 2419 documentis
1000 2358 1033 2417 et
1048 2351 1228 2420 rationibus

103 2460 237 2542 probare
262 2461 406 2526 valemus
432 2465 466 2525 et
480 2458 642 2544 precipua,
659 2461 737 2544 qnia
753 2460 830 2526 dicti
847 2458 1011 2527 Arbenses
1028 2481 1061 2525 se
1078 2451 1230 2527 dicebant

104 2587 139 2632 co
164 2573 310 2651 tempore
335 2569 479 2634 retinere
504 2569 595 2633 illam
620 2575 742 2634 terram
770 2569 811 2633 do
836 2568 1043 2634 concessione
1069 2573 1103 2633 et
1121 2571 1228 2651 gratia

104 2673 199 2740 Pauli
224 2674 329 2754 Bani;
345 2682 378 2741 et
402 2695 461 2741 nos
486 2681 563 2740 tunc
587 2697 659 2740 cum
676 2675 787 2740 eodem
802 2675 907 2759 Bano,
923 2681 956 2741 et
972 2697 1056 2740 nunc
1072 2697 1144 2742 cum
1160 2676 1228 2740 tilio

104 2803 158 2847 suo
184 2782 272 2849 dicto
291 2783 496 2868 Molendum,
515 2785 757 2850 contentionem
773 2784 929 2850 habemns
946 2785 985 2850 de
1001 2785 1114 2850 eadem
1130 2790 1229 2867 terra,

104 2891 177 2974 quia
187 2889 269 2956 dicit
278 2913 370 2970 suam
387 2914 474 2972 esse3
491 2892 677 2960 etsicidom
687 2892 800 2958 Banus
817 2892 897 2958 dicit
915 2913 986 2958 eam
1003 2914 1102 2974 suam,
1118 2897 1151 2956 ot
1167 2891 1229 2976 ipsi

103 2997 268 3066 Arbenses
294 3021 395 3082 suam,
421 3006 545 3083 atnoe,
571 3022 628 3066 seu
655 2997 798 3083 Segnani
826 3000 938 3065 dicunt
953 3016 1028 3066 eam·
1042 3021 1133 3064 suam
1149 3020 1228 3080 esse,

102 3108 155 3192 qui
179 3104 302 3173 habent
327 3109 530 3192 potissimam
555 3108 723 3188 rationem,
744 3128 782 3172 eo
800 3106 890 3189 quod
906 3128 1033 3190 sempor
1048 3112 1179 3172 fuerunt
1195 3111 1229 3173 et

104 3216 218 3280 suntin
235 3218 440 3300 possessione
456 3217 594 3300 pacifica
609 3222 642 3280 ot
657 3214 846 3298 tranquilla.
862 3217 909 3280 Et
919 3215 970 3280 sic
987 3214 1085 3280 dictis
1101 3213 1230 3280 Arben·

102 3321 190 3388 sibus
211 3322 246 3386 in
261 3321 350 3389 nullo
367 3319 560 3390 offendimus
572 3323 662 3388 Dens
680 3323 776 3400 novit,
793 3323 857 3388 imo
873 3344 946 3388 eum
963 3325 1010 3389 cis
1027 3324 1067 3389 ob
1083 3345 1230 3390 reseren-

103 3430 179 3496 tiam
205 3437 348 3496 vestram
373 3437 406 3497 et
422 3431 610 3498 Communis
636 3430 851 3499 Venetiarnnr
870 3431 1067 3498 intendimus
1082 3437 1116 3497 et
1131 3431 1232 3497 volui·

1 3607 2 3610 ,
103 3557 172 3602 mua
198 3537 308 3603 viuere
331 3537 466 3623 pacifice
488 3545 521 3604 et
540 3537 658 3621 quiete,
674 3542 831 3620 tanquam
847 3559 920 3603 cum
936 3539 1053 3605 nostris
1069 3541 1181 3605 vicinis
1198 3545 1230 3603 et

103 3645 224 3724 amicis,
250 3645 424 3710 dummodo
449 3645 510 3730 ipsi
536 3645 665 3712 vellent.
684 3645 773 3713 Data
788 3645 821 3710 in
838 3643 1003 3713 Otlrozazo
1019 3646 1071 3714 dic
1087 3644 1230 3716 secunde

100 3749 124 3815 J
126 3751 183 3818 nlii
199 3749 455 3828 Moccxlm.

210 3914 247 3972 [A
271 3911 374 3978 >Copia
387 3914 420 3964 de
440 3911 689 3968 Comrnernoriale«
705 3917 797 3967 czinrtt
810 3917 950 3970 velenezei
964 3916 1192 3985 ellarnktinyvbdl
1207 3916 1228 3972 1.

100 4002 154 4055 kot.
169 4009 231 4055 535.
245 4005 296 4057 lev.
310 4018 327 4054 a
342 4003 426 4055 bessi.
441 4004 524 4056 csdsz.
538 4007 626 4057 titkos
640 4006 837 4070 laveltetrban.)
