3222 5240
799 349 1034 398 nienounczrni
1048 341 1214 399 nunbuau.

944 533 1017 594 301.

737 689 933 772 Upyuuazon
950 691 1118 774 toirqybao.
1138 693 1232 753 1332.

525 860 678 929 XXVII.
702 861 804 946 Junij.
829 863 990 928 Dominus
1016 864 1195 930 Boudonus
1224 867 1377 931 Bassiani
1397 864 1529 931 Cambel·

421 968 517 1033 lanus
534 991 605 1034 oum
622 970 719 1034 variis
737 970 924 1038 cursoribus
940 972 1082 1037 mittitur
1099 973 1131 1035 in
1148 973 1331 1054 Vngariam

525 1182 590 1249 Die
608 1182 782 1251 XXVIII
798 1185 939 1267 predicti
965 1186 1083 1251 mensis
1099 1186 1123 1252 J
1126 1186 1193 1269 unij
1210 1186 1331 1252 ibidem
1348 1187 1449 1252 solute
1464 1191 1530 1250 sunt

418 1312 476 1373 pro
492 1290 618 1354 loherio
635 1292 823 1356 animalium
841 1293 984 1374 quinque
1001 1291 1215 1358 deferentium
1231 1295 1393 1358 arnesium
1404 1293 1529 1358 Ambas-

417 1397 590 1460 siatorium
606 1396 753 1461 Illustris
780 1397 900 1463 domiui
918 1398 1021 1481 Regis
1039 1399 1186 1480 Vugarie
1213 1401 1340 1482 nepotis
1371 1400 1465 1482 Regii
1488 1421 1529 1462 re-

419 1504 587 1568 deuntium
614 1504 656 1568 ad
673 1506 810 1571 eundem
828 1514 980 1589 nepotem
996 1507 1137 1590 Regium
1153 1506 1192 1571 de
1209 1505 1351 1588 Neapoli
1367 1527 1462 1587 usque
1476 1505 1528 1572 Or-

417 1619 531 1676 tonam
557 1613 590 1676 in
616 1613 775 1678 carolenis
802 1617 931 1697 argenti
957 1653 1001 1660 —
1017 1653 1060 1661 —
1077 1652 1120 1661 —
1147 1616 1240 1679 vnoia
1255 1614 1439 1677 enatarem
1454 1610 1526 1674 XX.

525 1825 590 1891 Die
606 1825 747 1894 XXIII
764 1831 883 1896 mensis
899 1827 982 1912 Julij
1002 1828 1122 1894 ibidem
1140 1827 1244 1892 solute
1262 1827 1480 1891 suntHerrioo
1494 1826 1527 1888 de

418 1931 577 2016 Bugedan
604 1941 637 1999 et
653 1933 804 2000 Gerardo
830 1939 898 2000 eius
924 1938 1019 2017 socie,
1046 1936 1232 2000 cursoribus
1256 1933 1361 1997 incliti
1381 1933 1527 2014 Principis
1590 1981 1591 1984 η

419 2040 520 2122 Regis
537 2039 682 2124 Vngarie
708 2045 835 2125 nepotis
849 2044 954 2126 Regii,
981 2063 1061 2125 quus
1088 2043 1133 2106 eis
1150 2041 1298 2106 dominns
1314 2041 1386 2104 Rex
1402 2040 1527 2119 gratiose

419 2148 554 2212 donauit
578 2149 612 2212 iu
638 2151 795 2215 carolenis
821 2154 950 2233 argenti
978 2187 1021 2198 -
1049 2189 1090 2197 -
1118 2188 1161 2196 —
1177 2149 1321 2214 vnoiess
1337 2149 1444 2212 tareni
1458 2145 1525 2212 XV.

524 2255 612 2320 dicto
638 2257 763 2323 scilicet
787 2257 929 2322 Hernico
956 2297 999 2308 —
1017 2295 1060 2304 -
1078 2295 1120 2306 —-
1137 2294 1179 2304 -
1195 2257 1288 2322 uncia
1303 2255 1322 2319 Ι
1338 2255 1444 2320 tareni
1458 2251 1525 2318 XV.

526 2369 560 2424 et
575 2362 660 2430 dicto
677 2362 830 2430 Gerardo
847 2366 974 2448 reliqua
991 2399 1393 2414 ———————
1409 2363 1492 2425 uncia
1506 2359 1527 2424 I

527 2573 704 2656 (XXVII.
722 2577 890 2664 Octobris)
909 2578 1056 2645 Sabasco
1075 2579 1201 2643 cursori
1211 2577 1310 2642 Curio
1320 2577 1422 2660 Regie
1438 2596 1528 2642 acces·
1590 2577 1591 2580 ’

421 2703 496 2745 suro
524 2683 635 2746 statim
659 2685 693 2747 in
710 2685 891 2767 Vngariam
917 2709 976 2770 pro
994 2687 1139 2752 seruitiis
1154 2687 1256 2768 Regis
1272 2685 1360 2752 vltra
1374 2685 1467 2768 gagia
1481 2703 1529 2746 suo

1352 2793 1442 2857 uncie
1456 2788 1527 2855 IIII.

528 2898 573 2961 Et
588 2897 735 2966 Henrico
755 2900 888 2986 Vngaro
914 2903 1039 2968 cursori
1055 2901 1161 2965 incliti
1177 2900 1299 2964 domini
1315 2899 1417 2983 Regis
1432 2897 1527 2980 Vnga-

421 3006 477 3084 rie,
495 3026 575 3086 quas
587 3007 647 3071 sibi
658 3009 802 3088 gratiose
813 3009 961 3075 dominus
978 3009 1050 3075 Rex
1066 3008 1212 3073 exbiberi
1227 3008 1375 3090 prouidit
1385 3004 1527 3074 rncieVV.

499 3209 500 3212 ¹
528 3220 592 3284 Die
609 3221 709 3288 VIII.
735 3224 853 3288 mensis
878 3223 1075 3288 Nouembris
1102 3223 1245 3306 Neapoli
1270 3223 1376 3287 solute
1401 3221 1527 3287 suntdo·
1585 3303 1591 3312 ι

420 3328 506 3392 mino
523 3327 705 3392 Ademario
721 3329 871 3394 Romano
889 3329 930 3394 de
946 3329 1062 3395 Scaloa
1072 3329 1181 3414 Regni
1190 3327 1302 3394 Sicilie
1312 3328 1527 3405 Viceamirato,

421 3437 454 3495 ot
471 3432 601 3498 domino
613 3436 744 3500 Marino
756 3433 856 3502 Cosso
874 3438 913 3502 de
924 3437 1014 3502 Iscla
1030 3437 1208 3502 accessuris
1226 3437 1339 3500 statim
1355 3459 1425 3501 oum
1440 3436 1526 3520 galeis

421 3542 551 3607 nouiter
577 3547 711 3609 armatis
737 3545 780 3608 ad
805 3552 917 3629 partos
937 3547 1081 3627 Vngarie
1098 3566 1157 3626 pro
1175 3543 1263 3607 felici
1279 3565 1409 3609 accessu
1425 3539 1525 3607 domini

421 3649 523 3731 Regis
535 3649 682 3731 Vnguis
698 3653 732 3715 in
743 3653 892 3734 Regnum
909 3674 969 3735 pro
987 3651 1093 3734 gagiis
1109 3656 1141 3716 et
1159 3651 1307 3732 expensis
1323 3672 1441 3731 eorum,
1456 3669 1525 3713 men·

422 3759 466 3820 sis
482 3759 573 3821 vuius
590 3759 623 3822 in
640 3760 800 3824 carolenis
832 3761 959 3842 argenti
991 3795 1034 3804 -
1051 3794 1148 3850 -Ι-
1169 3794 1212 3804 -
1230 3796 1273 3808 -
1290 3799 1333 3808 -
1349 3760 1437 3824 vnoie
1452 3755 1524 3830 XX3

528 3865 679 3929 uidelicet
705 3867 854 3949 predicto
871 3865 1094 3934 Vioeamirato
1123 3904 1160 3913 -·
1179 3904 1222 3913 —
1241 3901 1281 3910 —
1300 3905 1342 3913 —
1360 3869 1446 3931 uncie
1461 3860 1522 3930 XV·

1506 3968 1516 3980 7

1518 4018 1523 4032 Ι

530 3979 561 4035 et
579 3973 725 4055 predicto
743 3973 874 4038 domino
891 3974 1025 4040 Marino
1043 3977 1167 4056 relique
1221 4013 1264 4022 -
1281 4011 1323 4021 ’ἡ
1342 4011 1383 4020 -
1400 3967 1508 4039 uncieb

529 4154 564 4214 (A
585 4153 724 4218 »Registri
749 4155 897 4220 Angioiui«
919 4161 978 4206 ¹387.
1000 4171 1035 4205 az.
1054 4157 1123 4216 Reg.
1143 4155 1519 4226 Robe1·tiR.kbtetebitltl⁴

423 4246 480 4291 261.
497 4243 567 4304 lev.;
587 4259 613 4291 u.
629 4244 667 4303 o.)
