3244 5236
372 237 437 298 406
726 249 957 294 nienosmczini
985 237 1151 292 autimas.

375 413 574 498 quameicius
605 419 638 501 et
663 412 808 478 dextrius
839 413 957 492 potest,
989 409 1119 491 abipso
1149 412 1296 473 tractatu
1328 405 1463 470 recedat
1479 407 1512 469 in

375 526 490 585 toturn.
519 521 564 586 Et
589 521 754 599 scribatur
779 517 926 586 Johanni
952 517 1131 586 Vacondeo
1157 515 1298 584 Notario
1314 521 1439 594 nostro,
1458 516 1514 597 qui

380 635 431 694 est
445 629 500 712 ibi,
516 629 603 713 quod
620 629 782 698 Venecias
797 631 990 692 revertatur.

485 809 522 870 (Δ
539 809 650 860 ›Minui‹
661 809 752 859 czimti
773 808 914 859 valenczei
926 806 1108 871 allamkdnyv
1121 807 1198 858 XIX.
1211 805 1355 855 lidtetebttl
1375 809 1434 853 101.
1448 804 1516 864 lev.)
1607 855 1609 880 ,

906 1275 979 1335 385.

383 1437 500 1501 Robore
533 1435 664 1500 sicilici
697 1435 880 1520 kirulynak
914 1436 1071 1500 rendelate
1094 1431 1215 1499 Celtici
1244 1435 1358 1500 Jakab
1390 1444 1518 1509 creetur,
1607 1427 1609 1448 '

384 1543 501 1608 Robore
525 1542 654 1628 Kdroly
677 1562 817 1628 neopyar
840 1542 956 1628 lcirdly
979 1542 1099 1608 redeas-t
1123 1543 1240 1607 sebe'sze
1257 1541 1405 1627 hizocyoa
1429 1541 1518 1606 kdoe·

718 1651 871 1716 tele'sdoelc
887 1652 1079 1737 tdrpydbaa.
1099 1653 1194 1716 1341.
1608 1663 1609 1666 ’

496 1809 1211 1894 MagistroJacobodeOellino.
1607 1851 1609 1900 2

496 1915 663 1982 Robertus
678 1916 742 1983 Dei
758 1919 869 2001 gratia
885 1916 957 1983 Rex
974 1916 1163 1982 Jerusalem
1179 1923 1213 1982 et
1229 1915 1349 1997 Sicilie,
1368 1917 1517 1982 Ducatus
1607 1963 1609 2002 ἐ

388 2023 512 2108 Apulis
528 2032 562 2091 et
576 2025 785 2110 Principatus
816 2026 937 2110 Capua,
968 2024 1143 2091 Prouincie
1168 2033 1202 2091 et
1226 2025 1456 2109 Forcalquerij
1482 2047 1519 2089 ac
1607 2045 1609 2104 ς

392 2133 597 2200 Pedimontis
613 2132 730 2199 Comes
747 2133 940 2199 Justitiario
966 2132 1100 2218 Aprutij
1128 2135 1213 2198 vltra
1238 2133 1357 2198 flumen
1374 2133 1518 2199 Piscarie
1608 2155 1609 2164 ¹

390 2239 481 2305 fidoli
513 2247 623 2306 nostro
654 2241 795 2324 gratiam
812 2248 845 2305 et
861 2241 980 2308 bonam
1012 2240 1221 2308 voluntatem.
1239 2240 1367 2306 Habuit
1384 2241 1518 2324 querula
1608 2259 1609 2318 ξ

392 2349 554 2432 expositio
579 2350 710 2414 nouiter
739 2348 828 2413 facta
859 2351 952 2416 nobis
977 2371 1037 2433 pro
1062 2355 1156 2432 parte
1172 2349 1330 2432 Magistri
1345 2348 1467 2415 Jacobi
1482 2349 1518 2414 de
1608 2353 1609 2432 ζ

393 2454 522 2520 Cellino
539 2453 703 2540 Oirurgici
721 2456 942 2522 etfamiliaris
973 2457 1085 2522 Incliti
1111 2456 1213 2539 Regis
1228 2453 1376 2538 Vngarie
1392 2457 1519 2538 nepotis

393 2563 498 2626 nostri
514 2563 674 2627 carissimi
700 2563 804 2628 fidelis
829 2563 944 2646 nostri,
970 2564 1057 2648 quod
1072 2565 1112 2628 de
1138 2584 1245 2629 annua
1261 2563 1448 2646 pronisione
1465 2585 1520 2627 sua
1607 2543 1609 2586 ⁵

394 2670 561 2736 meierum
578 2671 651 2736 auri
666 2678 740 2737 octo
767 2673 919 2756 ponderis
944 2674 1116 2756 generalis,
1137 2673 1227 2738 cuius
1243 2673 1409 2756 perceptio
1426 2679 1474 2736 est
1491 2671 1519 2736 ei

394 2799 493 2861 super
524 2779 660 2861 pecunia
691 2789 908 2864 prouentuum
935 2781 1015 2846 dicti
1031 2779 1277 2847 Justitiariatus
1295 2778 1402 2864 Offieij
1432 2785 1519 2844 certo

395 2885 491 2951 modo
508 2907 566 2970 per
598 2888 680 2953 alias
710 2895 841 2954 nostras
872 2889 1002 2954 lieteras
1033 2889 1189 2972 stabilita,
1215 2895 1264 2955 est
1278 2889 1341 2972 ipsi
1357 2909 1416 2972 pro
1435 2893 1520 2954 certo

394 2993 552 3078 preterito
561 3001 717 3078 tempore,
733 3004 802 3061 tam
818 2997 859 3061 de
869 3003 1023 3080 tempore,
1039 2998 1161 3062 scilicet
1178 3003 1341 3062 certorum
1356 2997 1521 3080 predeces

396 3122 505 3166 sorum
529 3107 658 3168 tuorum
683 3105 716 3170 in
743 3105 831 3170 dicto
849 3103 976 3186 Officio,
986 3127 1084 3189 quam
1109 3112 1175 3184 tuo,
1194 3125 1295 3188 vsque
1310 3126 1396 3170 nunc
1412 3105 1521 3170 debita

396 3207 577 3273 satisfactio
601 3211 828 3293 impendenda,
855 3212 975 3278 deuota
1001 3235 1040 3278 ex
1056 3213 1169 3278 eadem
1185 3219 1279 3296 parte
1296 3213 1386 3277 nobis
1403 3212 1523 3295 suppli·

398 3318 526 3382 catione
551 3317 703 3405 subnexa,
728 3325 763 3385 vt
791 3320 965 3404 prouidere
991 3322 1021 3384 ei
1045 3341 1144 3403 super
1163 3321 1226 3386 hoc
1242 3321 1282 3385 de
1298 3329 1460 3404 oportuno
1477 3341 1524 3384 sa·

397 3421 596 3491 tisiactionis
629 3428 771 3493 remedio
803 3429 1024 3513 dignaremur.
1067 3427 1137 3494 Nos
1167 3429 1266 3511 igitur
1298 3427 1524 3512 supplicationi

399 3530 583 3598 huiusmodi
608 3536 692 3599 iuste
708 3535 843 3619 utpothe
860 3536 1028 3620 benignius
1045 3543 1234 3620 annuentes,
1252 3558 1290 3601 ac
1305 3536 1451 3601 volentes
1468 3535 1525 3600 sibi

398 3661 457 3723 per
481 3648 514 3706 te
540 3640 580 3706 de
604 3643 790 3726 prouisione
823 3645 1008 3710 huiusmodi
1048 3646 1161 3711 debita
1186 3645 1247 3711 sibi
1277 3650 1346 3710 tam
1361 3666 1422 3728 pro
1440 3642 1525 3707 dicto

397 3754 544 3834 tempore
576 3753 745 3834 preterito,
771 3775 871 3838 quem
896 3756 995 3820 etiam
1025 3756 1157 3820 inantea
1181 3775 1242 3837 pro
1267 3753 1377 3818 futuro
1402 3753 1524 3836 integre

400 3856 570 3924 satisfieri:
586 3859 737 3926 fidelitati
754 3867 809 3926 tue
833 3882 984 3946 expresse
1015 3863 1217 3944 mandamus,
1233 3868 1394 3946 quatenus
1410 3857 1524 3925 certifi-

398 3970 500 4048 catus,
517 3973 554 4031 ut
563 3967 705 4050 expedit,
715 3991 773 4052 per
783 3970 915 4036 licteras
932 3972 1094 4038 dictorum
1110 3971 1376 4054 predecessorum
1392 3973 1525 4045 tuorum,

398 4075 453 4140 uel
472 4073 711 4162 Magistrorum
730 4076 958 4145 Rationalium
975 4081 1098 4164 Magne
1123 4077 1249 4144 Nostra
1270 4075 1368 4142 Ourie
1388 4075 1523 4158 Neapolj

399 4182 622 4264 residentium,
634 4187 689 4269 qui
699 4187 843 4251 rationes
866 4189 1012 4270 ipsorum
1028 4186 1295 4272 predecessorum
1310 4190 1442 4249 tuorum
1458 4204 1525 4250 exa·

402 4291 566 4359 minareet
577 4293 694 4359 discuti
705 4294 811 4360 facere
821 4296 1054 4378 habuerunt,de
1063 4302 1132 4363 toto
1143 4294 1289 4379 predicto
1299 4297 1525 4377 temporaque,

403 4403 487 4466 sicut
502 4403 690 4488 predicitur,
701 4404 967 4471 satisfaciendum
984 4412 1033 4472 est
1050 4406 1078 4469 ei
1094 4403 1209 4472 exinde
1225 4423 1282 4486 per
1298 4401 1404 4468 dictos
1420 4401 1525 4486 prede-
